3070 4490
623 377 838 426 OXONIENSIS

695 587 770 628 xcvl

271 680 410 742 Saltibus
430 681 466 741 in
485 680 606 756 mediis,
629 681 728 742 fontis
749 681 919 742 Simoentis
939 683 978 743 ad
999 683 1092 760 ipsos,

310 775 490 836 Palladium
511 795 598 835 saera
618 776 719 836 stabat
737 776 773 837 in
793 795 863 836 aree
885 777 977 852 deee;

268 873 385 948 proelis
406 872 482 934 dum
502 874 613 934 miseet
633 874 742 936 Troiae
763 874 821 934 sub
841 875 1006 936 moenibus
1026 875 1153 951 Hector,

307 991 364 1031 nee
385 972 444 1032 sibi
465 974 532 1032 tam
552 992 698 1048 praesens
717 992 836 1032 numen
856 974 962 1034 adesse
982 972 1078 1034 videt.

269 1089 388 1130 numen
410 1072 516 1147 edest3
544 1072 639 1132 altam
661 1073 777 1132 sanetis
796 1073 832 1131 in
851 1072 987 1133 vallibus
1007 1073 1115 1132 eedem

308 1168 429 1229 lumina
449 1169 513 1230 ism
533 1170 634 1245 lunae,
658 1170 722 1230 ism
742 1173 805 1247 tua,
829 1170 962 1246 Phoebe,
987 1169 1109 1247 rignnt;

267 1261 342 1321 hine
362 1263 458 1340 illinc,
482 1264 570 1324 velut
590 1265 682 1340 unda,
705 1267 804 1324 ruunt
824 1264 994 1325 certamina
1013 1264 1106 1339 belli;
1156 1317 1158 1322 .

308 1360 384 1420 urbs
404 1361 523 1423 intaeta
543 1363 659 1438 menet,
684 1363 760 1422 dum
782 1363 839 1423 dee
859 1382 983 1440 praeses
1004 1363 1100 1423 adest.

267 1457 311 1516 sie
332 1477 389 1519 sua
410 1459 522 1537 euique
543 1459 649 1520 anima
669 1463 717 1520 est
737 1481 859 1536 praeses
879 1461 943 1535 den
966 1461 1128 1522 montibus
1149 1462 1204 1522 illa

308 1557 409 1616 cineta
430 1558 496 1618 suis
516 1557 634 1618 fruitur
649 1557 793 1618 liberiore
813 1559 904 1636 polo;

265 1656 341 1713 sunt
360 1654 456 1732 gelidi
475 1655 601 1731 nircum,
625 1659 701 1716 sunt
716 1655 819 1717 multo
839 1676 1000 1717 murmure
1021 1656 1132 1732 fontes,

306 1772 364 1813 nos
385 1754 488 1831 adyta,
512 1774 538 1829 s,
563 1774 632 1813 raro
652 1754 787 1815 visimus
806 1754 862 1814 ille
881 1755 966 1831 pede.

266 1868 332 1910 eres
352 1852 469 1913 iterum
489 1872 614 1930 campos
633 1850 716 1912 bello
736 1852 855 1913 fervere
876 1852 1005 1928 videbis,

306 1968 477 2025 purpureas
498 1950 646 2010 Xanthus
666 1949 817 2026 sanguine
838 1949 940 2027 tinget
962 1970 1074 2027 sques;

266 2045 393 2123 iamque
412 2047 494 2108 Aiax
515 2048 639 2122 iterum,
663 2047 727 2107 iam
749 2047 867 2124 proelia
887 2051 1027 2109 conseret
1048 2049 1174 2124 Hector,

307 2145 463 2221 Tyndaris
483 2148 515 2206 et
535 2164 644 2206 muros
665 2165 782 2222 rursus,
807 2148 945 2220 utente,
969 2149 1062 2223 petet.

265 2245 315 2302 ast
334 2244 440 2303 anima
461 2264 499 2303 ex
518 2245 613 2321 adyto
634 2264 695 2320 qua
716 2264 748 2304 se
769 2244 835 2304 sole
856 2244 975 2304 abdidit
996 2244 1060 2304 alto

305 2343 411 2402 nostra
431 2344 538 2402 tumen
558 2342 684 2419 proprio
705 2341 836 2401 numine
857 2341 937 2402 iaetu
957 2341 1058 2419 regit;

264 2458 326 2515 quo
347 2439 423 2500 duee
445 2460 509 2500 non
530 2459 639 2500 omnes
658 2459 697 2499 ex
716 2441 805 2516 parte
825 2439 996 2517 peribimus
1017 2439 1112 2514 omni,

304 2537 355 2598 sin
375 2538 465 2614 absit,
490 2539 598 2599 dextre
618 2538 706 2599 nulls
727 2538 850 2600 valente
872 2539 965 2600 selus.

1125 2648 1187 2684 m.

680 2788 770 2830 xcvn

356 2882 414 2948 Καὶ
434 2885 495 2965 μὴν
516 2887 552 2948 τό
572 2883 599 2949 θ’
621 2888 711 2949 αὑτοῦ
733 2885 843 2966 σεμνδν
864 2885 1006 2968 ἡγεῖσθαι
1030 2882 1130 2963 δέμας,

356 2989 470 3070 γνῶναί
489 2987 516 3052 θ’
538 2991 651 3068 ἑαυτόν,
671 2987 719 3053 καὶ
741 2989 776 3053 τδ
798 2993 972 3071 σωφρονεῖν
993 2987 1100 3068 τρίτον,

352 3095 476 3171 βροτοῖς
498 3091 536 3156 τὰ
559 3091 631 3174 κύρι’
656 3090 722 3156 ἐστὶ
745 3097 798 3156 τοῦ
821 3097 940 3173 κροτεῖν
961 3091 1047 3170 μόνα.

353 3194 425 3257 ἀλλ’
445 3193 464 3273 ἡ
487 3198 545 3277 γὰρ
569 3194 657 3279 ἰσχὺς
677 3194 920 3276 αὐτεπάγγελτος
943 3200 1033 3274 φιλεῖ

351 3297 466 3364 τούτοις
488 3299 637 3373 ἐπελθεῖν,
661 3296 729 3381 ούχῖ
751 3303 802 3360 τοῦ
826 3301 943 3374 κρατεῖν
965 3297 1056 3380 χάριν

351 3401 456 3465 ἀσκεῖν
477 3400 540 3465 τύδ’
563 3401 649 3480 ἡμᾶς,
673 3401 755 3463 ἆλλδ
777 3403 833 3464 τὰν
853 3402 914 3486 βῖιρ
936 3402 1033 3485 χρεὼν

351 3505 461 3585 νόμιμα
483 3504 592 3584 σέβειν
615 3504 740 3585 ἔργοισι,
764 3502 910 3586 δειμάτων
931 3503 1012 3587 ἄτερ·

349 3608 434 3687 δίκην
455 3607 481 3672 δ’
504 3609 549 3684 ἄν,
571 3606 665 3672 οὕνεκ’
688 3605 725 3686 ἦν
747 3609 821 3688 δίκη,
844 3614 904 3673 τοῖν
926 3606 954 3690 γ’
977 3608 1136 3690 ἐμφρόνων

349 3712 491 3777 σπεύδειν
512 3710 550 3777 δν
572 3712 629 3792 εἴη,
650 3714 725 3792 μηδὲ
748 3710 931 3792 συμβάντων
950 3710 1065 3789 μέλειν.
1118 3809 1184 3846 η

1078 3810 1105 3847 D.
1137 3831 1143 3846 ι
