<?xml version="1.0" encoding="UTF-8"?>
<!DOCTYPE html PUBLIC "-//W3C//DTD XHTML 1.0 Transitional//EN"
    "http://www.w3.org/TR/xhtml1/DTD/xhtml1-transitional.dtd">
<html xmlns="http://www.w3.org/1999/xhtml" xml:lang="en" lang="en">
 <head>
  <title>
</title>
<meta http-equiv="Content-Type" content="text/html;charset=utf-8" />
  <meta name='ocr-system' content='tesseract 3.04.00' />
  <meta name='ocr-capabilities' content='ocr_page ocr_carea ocr_par ocr_line ocrx_word'/>
</head>
<body>
  <div class='ocr_page' id='page_1' title='image "./novaanthologiao00godlgoog/novaanthologiao00godlgoog_0141.png"; bbox 0 0 3070 4490; ppageno 0'>
   <div class='ocr_carea' id='block_1_1' title="bbox 615 377 830 426">
    <p class='ocr_par' dir='ltr' id='par_1_1' title="bbox 615 377 830 426">
     <span class='ocr_line' id='line_1_1' title="bbox 615 377 830 426; baseline 0.005 -1"><span class='ocrx_word' id='word_1_1' title='bbox 615 377 830 426; x_wconf 85' lang='lat' dir='ltr'>OXONIENSIS</span> 
     </span>
    </p>
   </div>
   <div class='ocr_carea' id='block_1_2' title="bbox 284 555 1172 1662">
    <p class='ocr_par' dir='ltr' id='par_1_2' title="bbox 284 555 1172 1662">
     <span class='ocr_line' id='line_1_2' title="bbox 674 555 765 596; baseline 0 0"><span class='ocrx_word' id='word_1_2' title='bbox 674 555 765 596; x_wconf 65' lang='lat' dir='ltr'><strong>Lxxn</strong></span> 
     </span>
     <span class='ocr_line' id='line_1_3' title="bbox 285 649 1092 733; baseline 0.005 -23"><span class='ocrx_word' id='word_1_3' title='bbox 285 653 393 732; x_wconf 85' lang='grc' dir='ltr'>Χῶρον</span> <span class='ocrx_word' id='word_1_4' title='bbox 417 649 462 712; x_wconf 86' lang='grc' dir='ltr'>ἀν’</span> <span class='ocrx_word' id='word_1_5' title='bbox 484 649 613 729; x_wconf 82' lang='grc' dir='ltr'>ὑλήεντα</span> <span class='ocrx_word' id='word_1_6' title='bbox 637 655 725 730; x_wconf 87' lang='grc' dir='ltr'>φιλεῖ</span> <span class='ocrx_word' id='word_1_7' title='bbox 746 652 824 732; x_wconf 98' lang='grc' dir='ltr'>μέγα</span> <span class='ocrx_word' id='word_1_8' title='bbox 847 655 932 716; x_wconf 83' lang='grc' dir='ltr'>κῦδος</span> <span class='ocrx_word' id='word_1_9' title='bbox 955 649 1092 733; x_wconf 87' lang='grc' dir='ltr'>ἀρέσθαι,</span> 
     </span>
     <span class='ocr_line' id='line_1_4' title="bbox 284 750 1119 834; baseline 0.008 -21"><span class='ocrx_word' id='word_1_10' title='bbox 284 753 441 830; x_wconf 85' lang='grc' dir='ltr'>μηκηθμόν</span> <span class='ocrx_word' id='word_1_11' title='bbox 462 750 487 815; x_wconf 88' lang='grc' dir='ltr'>τ’</span> <span class='ocrx_word' id='word_1_12' title='bbox 511 751 635 834; x_wconf 89' lang='grc' dir='ltr'>ἐλάφων</span> <span class='ocrx_word' id='word_1_13' title='bbox 658 751 850 832; x_wconf 86' lang='grc' dir='ltr'>ἐπακοοέμεν,</span> <span class='ocrx_word' id='word_1_14' title='bbox 874 753 902 816; x_wconf 85' lang='grc' dir='ltr'>οῖ</span> <span class='ocrx_word' id='word_1_15' title='bbox 925 753 974 817; x_wconf 82' lang='grc' dir='ltr'>διὰ</span> <span class='ocrx_word' id='word_1_16' title='bbox 996 752 1119 833; x_wconf 89' lang='grc' dir='ltr'>βήσσας</span> 
     </span>
     <span class='ocr_line' id='line_1_5' title="bbox 285 855 1141 942; baseline 0.004 -25"><span class='ocrx_word' id='word_1_17' title='bbox 285 856 383 938; x_wconf 85' lang='grc' dir='ltr'>ῥίμφα</span> <span class='ocrx_word' id='word_1_18' title='bbox 406 858 487 942; x_wconf 84' lang='grc' dir='ltr'>φυγῇ</span> <span class='ocrx_word' id='word_1_19' title='bbox 512 855 674 936; x_wconf 86' lang='grc' dir='ltr'>προθέουσι</span> <span class='ocrx_word' id='word_1_20' title='bbox 696 857 869 935; x_wconf 84' lang='grc' dir='ltr'>μεμηκάτες,</span> <span class='ocrx_word' id='word_1_21' title='bbox 893 860 925 921; x_wconf 87' lang='grc' dir='ltr'>ἐν</span> <span class='ocrx_word' id='word_1_22' title='bbox 948 859 980 920; x_wconf 78' lang='grc' dir='ltr'>δὲ</span> <span class='ocrx_word' id='word_1_23' title='bbox 1002 857 1141 937; x_wconf 80' lang='grc' dir='ltr'>μέμικται</span> 
     </span>
     <span class='ocr_line' id='line_1_6' title="bbox 285 958 1078 1042; baseline 0.004 -22"><span class='ocrx_word' id='word_1_24' title='bbox 285 959 450 1042; x_wconf 83' lang='grc' dir='ltr'>θηρεντέων</span> <span class='ocrx_word' id='word_1_25' title='bbox 473 958 575 1038; x_wconf 82' lang='grc' dir='ltr'>ἐνοπή,</span> <span class='ocrx_word' id='word_1_26' title='bbox 599 959 762 1028; x_wconf 82' lang='grc' dir='ltr'>έκαθενδέ</span> <span class='ocrx_word' id='word_1_27' title='bbox 784 985 817 1023; x_wconf 87' lang='grc' dir='ltr'>τε</span> <span class='ocrx_word' id='word_1_28' title='bbox 840 960 952 1042; x_wconf 80' lang='grc' dir='ltr'>γίγνετ’</span> <span class='ocrx_word' id='word_1_29' title='bbox 977 958 1078 1039; x_wconf 87' lang='grc' dir='ltr'>ἀκονή·</span> 
     </span>
     <span class='ocr_line' id='line_1_7' title="bbox 285 1063 1172 1150; baseline -0.002 -22"><span class='ocrx_word' id='word_1_30' title='bbox 285 1063 321 1150; x_wconf 79' lang='grc' dir='ltr'>τῇ</span> <span class='ocrx_word' id='word_1_31' title='bbox 341 1064 366 1128; x_wconf 87' lang='grc' dir='ltr'>δ’</span> <span class='ocrx_word' id='word_1_32' title='bbox 389 1065 446 1145; x_wconf 77' lang='grc' dir='ltr'>ἀρα</span> <span class='ocrx_word' id='word_1_33' title='bbox 468 1063 626 1142; x_wconf 82' lang='grc' dir='ltr'>τοξοσύναι</span> <span class='ocrx_word' id='word_1_34' title='bbox 649 1063 728 1126; x_wconf 86' lang='grc' dir='ltr'>πολὺ</span> <span class='ocrx_word' id='word_1_35' title='bbox 751 1063 902 1144; x_wconf 86' lang='grc' dir='ltr'>φίλταται,</span> <span class='ocrx_word' id='word_1_36' title='bbox 926 1065 994 1128; x_wconf 81' lang='grc' dir='ltr'>οὐδέ</span> <span class='ocrx_word' id='word_1_37' title='bbox 1016 1090 1068 1144; x_wconf 92' lang='grc' dir='ltr'>μιν</span> <span class='ocrx_word' id='word_1_38' title='bbox 1089 1069 1172 1148; x_wconf 79' lang='grc' dir='ltr'>ἴσχει</span> 
     </span>
     <span class='ocr_line' id='line_1_8' title="bbox 286 1165 1089 1249; baseline 0.001 -19"><span class='ocrx_word' id='word_1_39' title='bbox 286 1169 375 1234; x_wconf 78' lang='grc' dir='ltr'>αἰδὼς</span> <span class='ocrx_word' id='word_1_40' title='bbox 398 1167 458 1234; x_wconf 85' lang='grc' dir='ltr'>οὔτ’</span> <span class='ocrx_word' id='word_1_41' title='bbox 482 1168 573 1247; x_wconf 81' lang='grc' dir='ltr'>αὐτὴν</span> <span class='ocrx_word' id='word_1_42' title='bbox 596 1165 656 1231; x_wconf 85' lang='grc' dir='ltr'>οὔτ’</span> <span class='ocrx_word' id='word_1_43' title='bbox 679 1165 715 1249; x_wconf 84' lang='grc' dir='ltr'>ἂρ</span> <span class='ocrx_word' id='word_1_44' title='bbox 739 1167 827 1234; x_wconf 86' lang='grc' dir='ltr'>κύνας</span> <span class='ocrx_word' id='word_1_45' title='bbox 850 1170 885 1232; x_wconf 81' lang='grc' dir='ltr'>αί</span> <span class='ocrx_word' id='word_1_46' title='bbox 905 1170 933 1230; x_wconf 86' lang='grc' dir='ltr'>οἱ</span> <span class='ocrx_word' id='word_1_47' title='bbox 956 1169 1089 1244; x_wconf 83' lang='grc' dir='ltr'>ἕπονται,</span> 
     </span>
     <span class='ocr_line' id='line_1_9' title="bbox 285 1264 1068 1350; baseline 0 -19"><span class='ocrx_word' id='word_1_48' title='bbox 285 1266 343 1332; x_wconf 86' lang='grc' dir='ltr'>οὐδ’</span> <span class='ocrx_word' id='word_1_49' title='bbox 366 1269 461 1334; x_wconf 85' lang='grc' dir='ltr'>ἔλεος·</span> <span class='ocrx_word' id='word_1_50' title='bbox 491 1267 580 1347; x_wconf 83' lang='grc' dir='ltr'>τόξον</span> <span class='ocrx_word' id='word_1_51' title='bbox 601 1271 634 1331; x_wconf 75' lang='grc' dir='ltr'>δὲ</span> <span class='ocrx_word' id='word_1_52' title='bbox 657 1267 711 1331; x_wconf 85' lang='grc' dir='ltr'>θεά</span> <span class='ocrx_word' id='word_1_53' title='bbox 733 1265 808 1348; x_wconf 82' lang='grc' dir='ltr'>μετὰ</span> <span class='ocrx_word' id='word_1_54' title='bbox 830 1264 919 1350; x_wconf 84' lang='grc' dir='ltr'>χερσὶ</span> <span class='ocrx_word' id='word_1_55' title='bbox 942 1269 1068 1331; x_wconf 79' lang='grc' dir='ltr'>τιταίνει</span> 
     </span>
     <span class='ocr_line' id='line_1_10' title="bbox 284 1371 1045 1454; baseline 0.004 -20"><span class='ocrx_word' id='word_1_56' title='bbox 284 1371 426 1454; x_wconf 82' lang='grc' dir='ltr'>χρύσειον</span> <span class='ocrx_word' id='word_1_57' title='bbox 450 1373 602 1454; x_wconf 88' lang='grc' dir='ltr'>κρατερόν,</span> <span class='ocrx_word' id='word_1_58' title='bbox 626 1372 674 1435; x_wconf 85' lang='grc' dir='ltr'>καὶ</span> <span class='ocrx_word' id='word_1_59' title='bbox 697 1371 829 1451; x_wconf 88' lang='grc' dir='ltr'>ταρφέας</span> <span class='ocrx_word' id='word_1_60' title='bbox 852 1372 951 1452; x_wconf 88' lang='grc' dir='ltr'>ἐκχέει</span> <span class='ocrx_word' id='word_1_61' title='bbox 975 1371 1045 1448; x_wconf 85' lang='grc' dir='ltr'>ίούς,</span> 
     </span>
     <span class='ocr_line' id='line_1_11' title="bbox 284 1475 1092 1559; baseline 0.002 -22"><span class='ocrx_word' id='word_1_62' title='bbox 284 1475 430 1540; x_wconf 91' lang='grc' dir='ltr'>κτείνουσ’</span> <span class='ocrx_word' id='word_1_63' title='bbox 451 1476 542 1559; x_wconf 88' lang='grc' dir='ltr'>άγρια</span> <span class='ocrx_word' id='word_1_64' title='bbox 563 1476 662 1539; x_wconf 89' lang='grc' dir='ltr'>πάντα</span> <span class='ocrx_word' id='word_1_65' title='bbox 682 1480 744 1541; x_wconf 75' lang='grc' dir='ltr'>ἑοῖς</span> <span class='ocrx_word' id='word_1_66' title='bbox 768 1477 908 1557; x_wconf 82' lang='grc' dir='ltr'>ἀγανοῖσι</span> <span class='ocrx_word' id='word_1_67' title='bbox 930 1477 1092 1554; x_wconf 77' lang='grc' dir='ltr'>βέλεσσιν·</span> 
     </span>
     <span class='ocr_line' id='line_1_12' title="bbox 284 1578 1083 1662; baseline 0.001 -20"><span class='ocrx_word' id='word_1_68' title='bbox 284 1586 384 1662; x_wconf 84' lang='grc' dir='ltr'>χαῖται</span> <span class='ocrx_word' id='word_1_69' title='bbox 407 1580 432 1643; x_wconf 91' lang='grc' dir='ltr'>δ’</span> <span class='ocrx_word' id='word_1_70' title='bbox 456 1580 625 1662; x_wconf 75' lang='grc' dir='ltr'>ἐρρώσαντο</span> <span class='ocrx_word' id='word_1_71' title='bbox 648 1578 721 1657; x_wconf 80' lang='grc' dir='ltr'>θοὴν</span> <span class='ocrx_word' id='word_1_72' title='bbox 744 1579 801 1642; x_wconf 84' lang='grc' dir='ltr'>ἀνὰ</span> <span class='ocrx_word' id='word_1_73' title='bbox 823 1581 914 1643; x_wconf 81' lang='grc' dir='ltr'>νύκτα</span> <span class='ocrx_word' id='word_1_74' title='bbox 936 1578 1083 1658; x_wconf 89' lang='grc' dir='ltr'>μέλαιναν</span> 
     </span>
    </p>
   </div>
   <div class='ocr_carea' id='block_1_3' title="bbox 285 1680 1185 1830">
    <p class='ocr_par' dir='ltr' id='par_1_3' title="bbox 285 1680 1185 1830">
     <span class='ocr_line' id='line_1_13' title="bbox 285 1680 970 1766; baseline -0.003 -19"><span class='ocrx_word' id='word_1_75' title='bbox 285 1684 444 1762; x_wconf 89' lang='grc' dir='ltr'>νισομένης</span> <span class='ocrx_word' id='word_1_76' title='bbox 465 1685 542 1762; x_wconf 83' lang='grc' dir='ltr'>ὕλην</span> <span class='ocrx_word' id='word_1_77' title='bbox 565 1682 639 1747; x_wconf 90' lang='grc' dir='ltr'>κάτα</span> <span class='ocrx_word' id='word_1_78' title='bbox 662 1680 788 1746; x_wconf 81' lang='grc' dir='ltr'>δάσκιον</span> <span class='ocrx_word' id='word_1_79' title='bbox 811 1684 970 1766; x_wconf 86' lang='grc' dir='ltr'>ῖοχεαίρης.</span> 
     </span>
     <span class='ocr_line' id='line_1_14' title="bbox 1079 1795 1185 1830; baseline 0.019 -2"><span class='ocrx_word' id='word_1_80' title='bbox 1079 1796 1104 1828; x_wconf 78' lang='grc' dir='ltr'>Ι)-</span> <span class='ocrx_word' id='word_1_81' title='bbox 1118 1796 1141 1828; x_wconf 79' lang='lat' dir='ltr'>B·</span> <span class='ocrx_word' id='word_1_82' title='bbox 1155 1795 1185 1830; x_wconf 63' lang='grc' dir='ltr'>Π.</span> 
     </span>
    </p>
   </div>
   <div class='ocr_carea' id='block_1_4' title="bbox 213 2066 1055 3683">
    <p class='ocr_par' dir='ltr' id='par_1_4' title="bbox 213 2066 1055 3683">
     <span class='ocr_line' id='line_1_15' title="bbox 663 2066 767 2107; baseline -0.01 0"><span class='ocrx_word' id='word_1_83' title='bbox 663 2066 767 2107; x_wconf 78' lang='lat' dir='ltr'><strong>Lxxm</strong></span> 
     </span>
     <span class='ocr_line' id='line_1_16' title="bbox 217 2143 1017 2229; baseline -0.001 -20"><span class='ocrx_word' id='word_1_84' title='bbox 217 2151 253 2210; x_wconf 88' lang='lat' dir='ltr'>A.</span> <span class='ocrx_word' id='word_1_85' title='bbox 283 2147 435 2227; x_wconf 89' lang='grc' dir='ltr'>Τέθνηκεν</span> <span class='ocrx_word' id='word_1_86' title='bbox 457 2147 541 2229; x_wconf 79' lang='grc' dir='ltr'>ἁνήρ·</span> <span class='ocrx_word' id='word_1_87' title='bbox 573 2149 606 2210; x_wconf 86' lang='grc' dir='ltr'>ἐν</span> <span class='ocrx_word' id='word_1_88' title='bbox 627 2151 741 2229; x_wconf 86' lang='grc' dir='ltr'>βραχεῖ</span> <span class='ocrx_word' id='word_1_89' title='bbox 763 2143 901 2228; x_wconf 86' lang='grc' dir='ltr'>τάλγιστ’</span> <span class='ocrx_word' id='word_1_90' title='bbox 926 2145 1017 2227; x_wconf 85' lang='grc' dir='ltr'>έχεις.</span> 
     </span>
     <span class='ocr_line' id='line_1_17' title="bbox 218 2247 1002 2333; baseline -0.001 -21"><span class='ocrx_word' id='word_1_91' title='bbox 218 2255 260 2312; x_wconf 89' lang='grc' dir='ltr'>Μ.</span> <span class='ocrx_word' id='word_1_92' title='bbox 285 2252 434 2333; x_wconf 85' lang='grc' dir='ltr'>τάλγιστα</span> <span class='ocrx_word' id='word_1_93' title='bbox 457 2254 539 2328; x_wconf 82' lang='grc' dir='ltr'>δῆτα·</span> <span class='ocrx_word' id='word_1_94' title='bbox 570 2256 632 2316; x_wconf 84' lang='grc' dir='ltr'>πῶς</span> <span class='ocrx_word' id='word_1_95' title='bbox 656 2253 713 2331; x_wconf 78' lang='grc' dir='ltr'>γὰρ</span> <span class='ocrx_word' id='word_1_96' title='bbox 737 2249 771 2311; x_wconf 90' lang='grc' dir='ltr'>ού</span> <span class='ocrx_word' id='word_1_97' title='bbox 784 2273 794 2322; x_wconf 90' lang='lat'>,·</span> <span class='ocrx_word' id='word_1_98' title='bbox 824 2247 922 2328; x_wconf 81' lang='grc' dir='ltr'>μάτην</span> <span class='ocrx_word' id='word_1_99' title='bbox 944 2247 1002 2329; x_wconf 83' lang='grc' dir='ltr'>ἀρα</span> 
     </span>
     <span class='ocr_line' id='line_1_18' title="bbox 283 2351 882 2435; baseline -0.007 -19"><span class='ocrx_word' id='word_1_100' title='bbox 283 2354 416 2433; x_wconf 83' lang='grc' dir='ltr'>ἔβοσκον</span> <span class='ocrx_word' id='word_1_101' title='bbox 438 2352 538 2418; x_wconf 86' lang='grc' dir='ltr'>ἐλπίδ’</span> <span class='ocrx_word' id='word_1_102' title='bbox 561 2353 601 2419; x_wconf 80' lang='grc' dir='ltr'>ὧς</span> <span class='ocrx_word' id='word_1_103' title='bbox 623 2354 781 2432; x_wconf 83' lang='grc' dir='ltr'>ἐλεύθερον</span> <span class='ocrx_word' id='word_1_104' title='bbox 803 2351 882 2435; x_wconf 91' lang='grc' dir='ltr'>τάχα</span> 
     </span>
     <span class='ocr_line' id='line_1_19' title="bbox 282 2457 955 2539; baseline -0.004 -18"><span class='ocrx_word' id='word_1_105' title='bbox 282 2457 394 2524; x_wconf 90' lang='grc' dir='ltr'>ἐνθένδ’</span> <span class='ocrx_word' id='word_1_106' title='bbox 416 2457 546 2539; x_wconf 84' lang='grc' dir='ltr'>ἀφήσων</span> <span class='ocrx_word' id='word_1_107' title='bbox 568 2459 666 2522; x_wconf 86' lang='grc' dir='ltr'>αὐτόν·</span> <span class='ocrx_word' id='word_1_108' title='bbox 699 2458 770 2520; x_wconf 84' lang='grc' dir='ltr'>ἀλλ’</span> <span class='ocrx_word' id='word_1_109' title='bbox 794 2457 887 2521; x_wconf 90' lang='grc' dir='ltr'>έλυσέ</span> <span class='ocrx_word' id='word_1_110' title='bbox 909 2481 955 2520; x_wconf 93' lang='grc' dir='ltr'>νιν</span> 
     </span>
     <span class='ocr_line' id='line_1_20' title="bbox 281 2561 947 2641; baseline -0.003 -16"><span class='ocrx_word' id='word_1_111' title='bbox 281 2565 297 2625; x_wconf 84' lang='grc' dir='ltr'><strong>ὁ</strong></span> <span class='ocrx_word' id='word_1_112' title='bbox 321 2562 406 2627; x_wconf 91' lang='grc' dir='ltr'>πάντ’</span> <span class='ocrx_word' id='word_1_113' title='bbox 429 2563 521 2629; x_wconf 85' lang='grc' dir='ltr'>ἀνιεὶς</span> <span class='ocrx_word' id='word_1_114' title='bbox 543 2562 678 2636; x_wconf 84' lang='grc' dir='ltr'>θάνατος,</span> <span class='ocrx_word' id='word_1_115' title='bbox 701 2564 822 2626; x_wconf 83' lang='grc' dir='ltr'>ἐκτίσας</span> <span class='ocrx_word' id='word_1_116' title='bbox 845 2561 947 2641; x_wconf 83' lang='grc' dir='ltr'>λύτρα.</span> 
     </span>
     <span class='ocr_line' id='line_1_21' title="bbox 281 2664 920 2750; baseline -0.006 -20"><span class='ocrx_word' id='word_1_117' title='bbox 281 2665 345 2744; x_wconf 83' lang='grc' dir='ltr'>ἐμοὶ</span> <span class='ocrx_word' id='word_1_118' title='bbox 368 2667 400 2732; x_wconf 87' lang='grc' dir='ltr'>δέ</span> <span class='ocrx_word' id='word_1_119' title='bbox 422 2667 451 2750; x_wconf 82' lang='grc' dir='ltr'>γ’</span> <span class='ocrx_word' id='word_1_120' title='bbox 472 2667 491 2745; x_wconf 85' lang='grc' dir='ltr'><em>ἡ</em></span> <span class='ocrx_word' id='word_1_121' title='bbox 514 2666 635 2746; x_wconf 81' lang='grc' dir='ltr'>νέορτος</span> <span class='ocrx_word' id='word_1_122' title='bbox 657 2664 818 2744; x_wconf 86' lang='grc' dir='ltr'>ἤμβλωται</span> <span class='ocrx_word' id='word_1_123' title='bbox 838 2666 920 2748; x_wconf 86' lang='grc' dir='ltr'>χαρδ</span> 
     </span>
     <span class='ocr_line' id='line_1_22' title="bbox 280 2767 934 2857; baseline -0.005 -22"><span class='ocrx_word' id='word_1_124' title='bbox 280 2769 299 2857; x_wconf 83' lang='grc' dir='ltr'><em>ᾗ</em></span> <span class='ocrx_word' id='word_1_125' title='bbox 321 2775 381 2836; x_wconf 84' lang='grc' dir='ltr'>πᾶς</span> <span class='ocrx_word' id='word_1_126' title='bbox 404 2770 544 2855; x_wconf 80' lang='grc' dir='ltr'>ἆνφδονν,</span> <span class='ocrx_word' id='word_1_127' title='bbox 567 2771 605 2835; x_wconf 80' lang='grc' dir='ltr'>ὣς</span> <span class='ocrx_word' id='word_1_128' title='bbox 628 2775 662 2832; x_wconf 92' lang='grc' dir='ltr'>τδ</span> <span class='ocrx_word' id='word_1_129' title='bbox 685 2771 820 2852; x_wconf 85' lang='grc' dir='ltr'>πρύιμον</span> <span class='ocrx_word' id='word_1_130' title='bbox 841 2767 934 2848; x_wconf 88' lang='grc' dir='ltr'>γάνος</span> 
     </span>
     <span class='ocr_line' id='line_1_23' title="bbox 279 2870 942 2957; baseline -0.008 -20"><span class='ocrx_word' id='word_1_131' title='bbox 279 2874 349 2956; x_wconf 81' lang='grc' dir='ltr'>ἦρος</span> <span class='ocrx_word' id='word_1_132' title='bbox 372 2875 519 2957; x_wconf 79' lang='grc' dir='ltr'>χρονίζον</span> <span class='ocrx_word' id='word_1_133' title='bbox 541 2872 690 2938; x_wconf 80' lang='grc' dir='ltr'>πολλάκις</span> <span class='ocrx_word' id='word_1_134' title='bbox 712 2873 813 2936; x_wconf 85' lang='grc' dir='ltr'>δάκνει</span> <span class='ocrx_word' id='word_1_135' title='bbox 836 2870 942 2952; x_wconf 88' lang='grc' dir='ltr'>πάγος.</span> 
     </span>
     <span class='ocr_line' id='line_1_24' title="bbox 282 2975 981 3058; baseline -0.004 -18"><span class='ocrx_word' id='word_1_136' title='bbox 282 2981 360 3058; x_wconf 88' lang='grc' dir='ltr'>ὅμως</span> <span class='ocrx_word' id='word_1_137' title='bbox 383 2978 424 3057; x_wconf 88' lang='grc' dir='ltr'>δέ,</span> <span class='ocrx_word' id='word_1_138' title='bbox 447 2978 516 3058; x_wconf 89' lang='grc' dir='ltr'>πρίν</span> <span class='ocrx_word' id='word_1_139' title='bbox 537 3004 575 3055; x_wconf 91' lang='grc' dir='ltr'>με</span> <span class='ocrx_word' id='word_1_140' title='bbox 598 2976 741 3058; x_wconf 88' lang='grc' dir='ltr'>δάκρυσιν</span> <span class='ocrx_word' id='word_1_141' title='bbox 762 2975 848 3054; x_wconf 80' lang='grc' dir='ltr'>ἡνίας</span> <span class='ocrx_word' id='word_1_142' title='bbox 869 2977 981 3058; x_wconf 82' lang='grc' dir='ltr'>χαλᾶν,</span> 
     </span>
     <span class='ocr_line' id='line_1_25' title="bbox 279 3077 1008 3160; baseline -0.007 -15"><span class='ocrx_word' id='word_1_143' title='bbox 279 3088 342 3147; x_wconf 81' lang='grc' dir='ltr'>πῶς</span> <span class='ocrx_word' id='word_1_144' title='bbox 365 3079 413 3144; x_wconf 83' lang='grc' dir='ltr'>καὶ</span> <span class='ocrx_word' id='word_1_145' title='bbox 436 3080 577 3153; x_wconf 86' lang='grc' dir='ltr'>διιύλετ’,·</span> <span class='ocrx_word' id='word_1_146' title='bbox 608 3077 674 3143; x_wconf 84' lang='grc' dir='ltr'>ἐστὶ</span> <span class='ocrx_word' id='word_1_147' title='bbox 695 3078 753 3160; x_wconf 86' lang='grc' dir='ltr'>γὰρ</span> <span class='ocrx_word' id='word_1_148' title='bbox 774 3079 865 3158; x_wconf 84' lang='grc' dir='ltr'>μόρος</span> <span class='ocrx_word' id='word_1_149' title='bbox 887 3080 1008 3160; x_wconf 78' lang='grc' dir='ltr'>βροτοῖς</span> 
     </span>
     <span class='ocr_line' id='line_1_26' title="bbox 279 3179 1038 3268; baseline -0.011 -18"><span class='ocrx_word' id='word_1_150' title='bbox 279 3185 297 3264; x_wconf 79' lang='grc' dir='ltr'>ἢ</span> <span class='ocrx_word' id='word_1_151' title='bbox 322 3184 440 3266; x_wconf 86' lang='grc' dir='ltr'>θριγκὸς</span> <span class='ocrx_word' id='word_1_152' title='bbox 463 3186 600 3268; x_wconf 79' lang='grc' dir='ltr'>αἴσχους,</span> <span class='ocrx_word' id='word_1_153' title='bbox 622 3181 640 3262; x_wconf 80' lang='grc' dir='ltr'>ἢ</span> <span class='ocrx_word' id='word_1_154' title='bbox 663 3181 736 3262; x_wconf 89' lang='grc' dir='ltr'>μάλ’</span> <span class='ocrx_word' id='word_1_155' title='bbox 759 3182 893 3246; x_wconf 85' lang='grc' dir='ltr'>εὐκλείας</span> <span class='ocrx_word' id='word_1_156' title='bbox 914 3179 1038 3261; x_wconf 89' lang='grc' dir='ltr'>στέφος.</span> 
     </span>
     <span class='ocr_line' id='line_1_27' title="bbox 279 3284 995 3369; baseline -0.003 -17"><span class='ocrx_word' id='word_1_157' title='bbox 279 3290 391 3353; x_wconf 85' lang='grc' dir='ltr'>ἔκτεινε</span> <span class='ocrx_word' id='word_1_158' title='bbox 413 3288 535 3363; x_wconf 89' lang='grc' dir='ltr'>πάντας,</span> <span class='ocrx_word' id='word_1_159' title='bbox 560 3287 599 3352; x_wconf 82' lang='grc' dir='ltr'>ὣς</span> <span class='ocrx_word' id='word_1_160' title='bbox 623 3285 730 3369; x_wconf 89' lang='grc' dir='ltr'>λέγεις·</span> <span class='ocrx_word' id='word_1_161' title='bbox 760 3285 851 3348; x_wconf 86' lang='grc' dir='ltr'>αύτδν</span> <span class='ocrx_word' id='word_1_162' title='bbox 874 3286 905 3347; x_wconf 77' lang='grc' dir='ltr'>δὲ</span> <span class='ocrx_word' id='word_1_163' title='bbox 927 3284 995 3357; x_wconf 88' lang='grc' dir='ltr'>τίς,·</span> 
     </span>
     <span class='ocr_line' id='line_1_28' title="bbox 278 3387 978 3476; baseline -0.003 -20"><span class='ocrx_word' id='word_1_164' title='bbox 278 3395 322 3460; x_wconf 89' lang='grc' dir='ltr'>τίς</span> <span class='ocrx_word' id='word_1_165' title='bbox 346 3393 464 3476; x_wconf 89' lang='grc' dir='ltr'>εύχεται</span> <span class='ocrx_word' id='word_1_166' title='bbox 486 3391 657 3472; x_wconf 81' lang='grc' dir='ltr'>Σάμψωνος</span> <span class='ocrx_word' id='word_1_167' title='bbox 680 3389 819 3474; x_wconf 83' lang='grc' dir='ltr'>αὐτόχειρ</span> <span class='ocrx_word' id='word_1_168' title='bbox 842 3387 978 3470; x_wconf 87' lang='grc' dir='ltr'>φονεύς,·</span> 
     </span>
     <span class='ocr_line' id='line_1_29' title="bbox 213 3495 867 3580; baseline -0.009 -20"><span class='ocrx_word' id='word_1_169' title='bbox 213 3504 249 3560; x_wconf 89' lang='grc' dir='ltr'>Α.</span> <span class='ocrx_word' id='word_1_170' title='bbox 280 3498 410 3578; x_wconf 83' lang='grc' dir='ltr'>ἄτρωτος</span> <span class='ocrx_word' id='word_1_171' title='bbox 434 3496 541 3580; x_wconf 88' lang='grc' dir='ltr'>έγχονς</span> <span class='ocrx_word' id='word_1_172' title='bbox 564 3496 711 3574; x_wconf 88' lang='grc' dir='ltr'>πολεμίου</span> <span class='ocrx_word' id='word_1_173' title='bbox 733 3495 867 3557; x_wconf 87' lang='grc' dir='ltr'>διώλετο.</span> 
     </span>
     <span class='ocr_line' id='line_1_30' title="bbox 213 3593 1055 3683; baseline -0.002 -21"><span class='ocrx_word' id='word_1_174' title='bbox 213 3605 254 3664; x_wconf 87' lang='grc' dir='ltr'>Μ.</span> <span class='ocrx_word' id='word_1_175' title='bbox 279 3603 379 3681; x_wconf 86' lang='grc' dir='ltr'>καμδν</span> <span class='ocrx_word' id='word_1_176' title='bbox 402 3603 574 3683; x_wconf 86' lang='grc' dir='ltr'>σφαγαῖσιν</span> <span class='ocrx_word' id='word_1_177' title='bbox 586 3622 597 3673; x_wconf 92' lang='lat'>,·</span> <span class='ocrx_word' id='word_1_178' title='bbox 629 3596 647 3677; x_wconf 81' lang='grc' dir='ltr'>ἢ</span> <span class='ocrx_word' id='word_1_179' title='bbox 672 3598 771 3682; x_wconf 80' lang='grc' dir='ltr'>τρόπῳ</span> <span class='ocrx_word' id='word_1_180' title='bbox 794 3597 895 3680; x_wconf 65' lang='grc' dir='ltr'>ποίοις</span> <span class='ocrx_word' id='word_1_181' title='bbox 927 3593 1055 3677; x_wconf 90' lang='grc' dir='ltr'>φράσον.</span> 
     </span>
    </p>
   </div>
   <div class='ocr_carea' id='block_1_5' title="bbox 212 3697 1179 3850">
    <p class='ocr_par' dir='ltr' id='par_1_5' title="bbox 212 3697 1179 3850">
     <span class='ocr_line' id='line_1_31' title="bbox 212 3697 950 3785; baseline -0.003 -19"><span class='ocrx_word' id='word_1_182' title='bbox 212 3710 247 3770; x_wconf 89' lang='grc' dir='ltr'>Α.</span> <span class='ocrx_word' id='word_1_183' title='bbox 278 3711 342 3772; x_wconf 84' lang='grc' dir='ltr'>ταῖς</span> <span class='ocrx_word' id='word_1_184' title='bbox 365 3703 453 3770; x_wconf 88' lang='grc' dir='ltr'>αύτδς</span> <span class='ocrx_word' id='word_1_185' title='bbox 474 3705 564 3767; x_wconf 82' lang='grc' dir='ltr'>αὑτοῦ</span> <span class='ocrx_word' id='word_1_186' title='bbox 586 3702 693 3785; x_wconf 84' lang='grc' dir='ltr'>χερσὶν</span> <span class='ocrx_word' id='word_1_187' title='bbox 715 3697 849 3780; x_wconf 81' lang='grc' dir='ltr'>ἤλλαξεν</span> <span class='ocrx_word' id='word_1_188' title='bbox 870 3701 950 3778; x_wconf 90' lang='grc' dir='ltr'>βίον.</span> 
     </span>
     <span class='ocr_line' id='line_1_32' title="bbox 1077 3815 1179 3850; baseline 0.01 -3"><span class='ocrx_word' id='word_1_189' title='bbox 1077 3815 1108 3849; x_wconf 82' lang='lat' dir='ltr'>W.</span> <span class='ocrx_word' id='word_1_190' title='bbox 1122 3815 1147 3850; x_wconf 79' lang='lat' dir='ltr'>R.</span> <span class='ocrx_word' id='word_1_191' title='bbox 1160 3815 1179 3848; x_wconf 77' lang='grc' dir='ltr'>Ι.</span> 
     </span>
    </p>
   </div>
   <div class='ocr_carea' id='block_1_6' title="bbox 0 0 1540 4490">
    <p class='ocr_par' dir='ltr' id='par_1_6' title="bbox 0 0 1540 4490">
     <span class='ocr_line' id='line_1_33' title="bbox 0 0 1540 4490; baseline 0 4"><span class='ocrx_word' id='word_1_192' title='bbox 0 0 1540 4490; x_wconf 95' lang='lat' dir='ltr'> </span> 
     </span>
    </p>
   </div>
  </div>
 </body>
</html>
