<?xml version="1.0" encoding="UTF-8"?>
<!DOCTYPE html PUBLIC "-//W3C//DTD XHTML 1.0 Transitional//EN"
    "http://www.w3.org/TR/xhtml1/DTD/xhtml1-transitional.dtd">
<html xmlns="http://www.w3.org/1999/xhtml" xml:lang="en" lang="en">
 <head>
  <title>
</title>
<meta http-equiv="Content-Type" content="text/html;charset=utf-8" />
  <meta name='ocr-system' content='tesseract 3.04.00' />
  <meta name='ocr-capabilities' content='ocr_page ocr_carea ocr_par ocr_line ocrx_word'/>
</head>
<body>
  <div class='ocr_page' id='page_1' title='image "./novaanthologiao00godlgoog/novaanthologiao00godlgoog_0129.png"; bbox 0 0 3070 4490; ppageno 0'>
   <div class='ocr_carea' id='block_1_1' title="bbox 627 347 842 396">
    <p class='ocr_par' dir='ltr' id='par_1_1' title="bbox 627 347 842 396">
     <span class='ocr_line' id='line_1_1' title="bbox 627 347 842 396; baseline 0.005 -2"><span class='ocrx_word' id='word_1_1' title='bbox 627 347 842 396; x_wconf 86' lang='lat' dir='ltr'>OXONIENSIS</span> 
     </span>
    </p>
   </div>
   <div class='ocr_carea' id='block_1_2' title="bbox 362 505 906 1418">
    <p class='ocr_par' dir='ltr' id='par_1_2' title="bbox 363 505 783 589">
     <span class='ocr_line' id='line_1_2' title="bbox 363 505 783 589; baseline -0.005 -18"><span class='ocrx_word' id='word_1_2' title='bbox 363 507 453 573; x_wconf 99' lang='grc' dir='ltr'>δόλος</span> <span class='ocrx_word' id='word_1_3' title='bbox 476 509 564 573; x_wconf 87' lang='grc' dir='ltr'>αὑτδς</span> <span class='ocrx_word' id='word_1_4' title='bbox 586 505 644 589; x_wconf 79' lang='grc' dir='ltr'>γὰρ</span> <span class='ocrx_word' id='word_1_5' title='bbox 667 507 783 588; x_wconf 79' lang='grc' dir='ltr'>έρότων</span> 
     </span>
    </p>

    <p class='ocr_par' dir='ltr' id='par_1_3' title="bbox 364 607 906 902">
     <span class='ocr_line' id='line_1_3' title="bbox 364 607 906 687; baseline 0.002 -13"><span class='ocrx_word' id='word_1_6' title='bbox 364 607 413 674; x_wconf 78' lang='grc' dir='ltr'>ἐπὶ</span> <span class='ocrx_word' id='word_1_7' title='bbox 437 613 555 687; x_wconf 75' lang='grc' dir='ltr'>θνητοῖς</span> <span class='ocrx_word' id='word_1_8' title='bbox 578 610 622 673; x_wconf 87' lang='grc' dir='ltr'>ὅδ’</span> <span class='ocrx_word' id='word_1_9' title='bbox 646 610 693 673; x_wconf 87' lang='grc' dir='ltr'>ἀεὶ</span> <span class='ocrx_word' id='word_1_10' title='bbox 716 607 906 676; x_wconf 85' lang='grc' dir='ltr'>κάθανότοις·</span> 
     </span>
     <span class='ocr_line' id='line_1_4' title="bbox 451 711 830 795; baseline 0.008 -20"><span class='ocrx_word' id='word_1_11' title='bbox 451 713 584 793; x_wconf 80' lang='grc' dir='ltr'>κάλαμος</span> <span class='ocrx_word' id='word_1_12' title='bbox 605 711 631 775; x_wconf 87' lang='grc' dir='ltr'>δ’</span> <span class='ocrx_word' id='word_1_13' title='bbox 657 714 707 776; x_wconf 79' lang='grc' dir='ltr'>οἶα</span> <span class='ocrx_word' id='word_1_14' title='bbox 727 713 830 795; x_wconf 82' lang='grc' dir='ltr'>ῥαγεὶς</span> 
     </span>
     <span class='ocr_line' id='line_1_5' title="bbox 447 815 797 902; baseline -0.003 -23"><span class='ocrx_word' id='word_1_15' title='bbox 447 815 537 902; x_wconf 83' lang='grc' dir='ltr'>ᾕμαξ’</span> <span class='ocrx_word' id='word_1_16' title='bbox 562 816 655 897; x_wconf 81' lang='grc' dir='ltr'>ἀγκὰς</span> <span class='ocrx_word' id='word_1_17' title='bbox 680 817 797 899; x_wconf 84' lang='grc' dir='ltr'>ἔχοντα.</span> 
     </span>
    </p>

    <p class='ocr_par' dir='ltr' id='par_1_4' title="bbox 362 923 571 987">
     <span class='ocr_line' id='line_1_6' title="bbox 362 923 571 987; baseline -0.014 -2"><span class='ocrx_word' id='word_1_18' title='bbox 362 923 571 987; x_wconf 88' lang='grc' dir='ltr'>κατέκλαυσαν</span> 
     </span>
    </p>

    <p class='ocr_par' dir='ltr' id='par_1_5' title="bbox 362 1022 838 1104">
     <span class='ocr_line' id='line_1_7' title="bbox 362 1022 838 1104; baseline -0.006 -15"><span class='ocrx_word' id='word_1_19' title='bbox 362 1023 425 1090; x_wconf 85' lang='grc' dir='ltr'>τόθ’</span> <span class='ocrx_word' id='word_1_20' title='bbox 448 1024 585 1101; x_wconf 74' lang='grc' dir='ltr'>ἅπαντες,</span> <span class='ocrx_word' id='word_1_21' title='bbox 611 1023 652 1087; x_wconf 76' lang='grc' dir='ltr'>οἷ’</span> <span class='ocrx_word' id='word_1_22' title='bbox 675 1022 721 1099; x_wconf 82' lang='grc' dir='ltr'>ἀν,</span> <span class='ocrx_word' id='word_1_23' title='bbox 744 1023 838 1104; x_wconf 83' lang='grc' dir='ltr'>οἶμαι,</span> 
     </span>
    </p>

    <p class='ocr_par' dir='ltr' id='par_1_6' title="bbox 362 1127 840 1418">
     <span class='ocr_line' id='line_1_8' title="bbox 362 1127 819 1210; baseline 0.004 -19"><span class='ocrx_word' id='word_1_24' title='bbox 362 1128 417 1192; x_wconf 80' lang='grc' dir='ltr'>κάν</span> <span class='ocrx_word' id='word_1_25' title='bbox 440 1129 511 1210; x_wconf 83' lang='grc' dir='ltr'>σφὼ</span> <span class='ocrx_word' id='word_1_26' title='bbox 534 1133 586 1192; x_wconf 81' lang='grc' dir='ltr'>νῦν</span> <span class='ocrx_word' id='word_1_27' title='bbox 608 1153 644 1210; x_wconf 94' lang='grc' dir='ltr'>γε</span> <span class='ocrx_word' id='word_1_28' title='bbox 668 1127 819 1203; x_wconf 81' lang='grc' dir='ltr'>κλύοντες,</span> 
     </span>
     <span class='ocr_line' id='line_1_9' title="bbox 448 1227 840 1316; baseline 0.005 -22"><span class='ocrx_word' id='word_1_29' title='bbox 448 1232 551 1316; x_wconf 82' lang='grc' dir='ltr'>φθόνῳ</span> <span class='ocrx_word' id='word_1_30' title='bbox 576 1229 664 1310; x_wconf 77' lang='grc' dir='ltr'>εἰμὴ</span> <span class='ocrx_word' id='word_1_31' title='bbox 687 1229 800 1311; x_wconf 90' lang='grc' dir='ltr'>φρένας</span> <span class='ocrx_word' id='word_1_32' title='bbox 822 1227 840 1309; x_wconf 83' lang='grc' dir='ltr'>ἢ</span> 
     </span>
     <span class='ocr_line' id='line_1_10' title="bbox 448 1334 834 1418; baseline -0.008 -19"><span class='ocrx_word' id='word_1_33' title='bbox 448 1334 538 1418; x_wconf 76' lang='grc' dir='ltr'>γήραϊ</span> <span class='ocrx_word' id='word_1_34' title='bbox 560 1335 595 1413; x_wconf 79' lang='grc' dir='ltr'>δὴ</span> <span class='ocrx_word' id='word_1_35' title='bbox 618 1334 834 1417; x_wconf 72' lang='grc' dir='ltr'>’παχνοόσθηυ</span> 
     </span>
    </p>
   </div>
   <div class='ocr_carea' id='block_1_3' title="bbox 689 1715 773 1755">
    <p class='ocr_par' dir='ltr' id='par_1_7' title="bbox 689 1715 773 1755">
     <span class='ocr_line' id='line_1_11' title="bbox 689 1715 773 1755; baseline -0.012 0"><span class='ocrx_word' id='word_1_36' title='bbox 689 1715 773 1755; x_wconf 81' lang='lat' dir='ltr'>LXIII</span> 
     </span>
    </p>
   </div>
   <div class='ocr_carea' id='block_1_4' title="bbox 279 1813 1115 3242">
    <p class='ocr_par' dir='ltr' id='par_1_8' title="bbox 279 1813 1115 3242">
     <span class='ocr_line' id='line_1_12' title="bbox 297 1813 445 1877; baseline -0.007 0"><span class='ocrx_word' id='word_1_37' title='bbox 297 1818 331 1877; x_wconf 87' lang='lat' dir='ltr'>A.</span> <span class='ocrx_word' id='word_1_38' title='bbox 365 1813 445 1876; x_wconf 77' lang='grc' dir='ltr'>Εἶεν</span> 
     </span>
     <span class='ocr_line' id='line_1_13' title="bbox 359 1905 1115 1999; baseline 0.004 -19"><span class='ocrx_word' id='word_1_39' title='bbox 359 1916 437 1999; x_wconf 83' lang='grc' dir='ltr'>ἀγαν</span> <span class='ocrx_word' id='word_1_40' title='bbox 460 1915 640 1999; x_wconf 77' lang='grc' dir='ltr'>φοβούμεθ·</span> <span class='ocrx_word' id='word_1_41' title='bbox 672 1916 711 1982; x_wconf 83' lang='grc' dir='ltr'>ὡς</span> <span class='ocrx_word' id='word_1_42' title='bbox 734 1916 772 1980; x_wconf 83' lang='grc' dir='ltr'>τὰ</span> <span class='ocrx_word' id='word_1_43' title='bbox 793 1915 883 1980; x_wconf 82' lang='grc' dir='ltr'>πάνθ’</span> <span class='ocrx_word' id='word_1_44' title='bbox 906 1915 968 1994; x_wconf 81' lang='grc' dir='ltr'>ἔξει</span> <span class='ocrx_word' id='word_1_45' title='bbox 991 1905 1115 1983; x_wconf 81' lang='grc' dir='ltr'>καλῶς..</span> 
     </span>
     <span class='ocr_line' id='line_1_14' title="bbox 296 2019 1094 2102; baseline 0.001 -19"><span class='ocrx_word' id='word_1_46' title='bbox 296 2026 329 2084; x_wconf 90' lang='grc' dir='ltr'>Β.</span> <span class='ocrx_word' id='word_1_47' title='bbox 362 2021 459 2084; x_wconf 92' lang='grc' dir='ltr'>καίτοι</span> <span class='ocrx_word' id='word_1_48' title='bbox 481 2020 582 2102; x_wconf 90' lang='grc' dir='ltr'>σοφδν</span> <span class='ocrx_word' id='word_1_49' title='bbox 606 2020 723 2100; x_wconf 87' lang='grc' dir='ltr'>καλοῖμ’</span> <span class='ocrx_word' id='word_1_50' title='bbox 746 2019 783 2085; x_wconf 88' lang='grc' dir='ltr'>δν</span> <span class='ocrx_word' id='word_1_51' title='bbox 806 2022 891 2087; x_wconf 87' lang='grc' dir='ltr'>ὅστις</span> <span class='ocrx_word' id='word_1_52' title='bbox 914 2019 951 2084; x_wconf 84' lang='grc' dir='ltr'>δν</span> <span class='ocrx_word' id='word_1_53' title='bbox 973 2027 1094 2100; x_wconf 84' lang='grc' dir='ltr'>βροτῶν</span> 
     </span>
     <span class='ocr_line' id='line_1_15' title="bbox 359 2123 1026 2206; baseline -0.001 -17"><span class='ocrx_word' id='word_1_54' title='bbox 359 2124 491 2205; x_wconf 81' lang='grc' dir='ltr'>νεφέλας</span> <span class='ocrx_word' id='word_1_55' title='bbox 515 2125 586 2190; x_wconf 84' lang='grc' dir='ltr'>ίδόν</span> <span class='ocrx_word' id='word_1_56' title='bbox 608 2123 675 2188; x_wconf 85' lang='grc' dir='ltr'>ποτ’</span> <span class='ocrx_word' id='word_1_57' title='bbox 698 2125 918 2206; x_wconf 81' lang='grc' dir='ltr'>ἑγκολιίπτηται</span> <span class='ocrx_word' id='word_1_58' title='bbox 943 2123 1026 2204; x_wconf 83' lang='grc' dir='ltr'>κάρα·</span> 
     </span>
     <span class='ocr_line' id='line_1_16' title="bbox 361 2227 1026 2314; baseline 0.003 -24"><span class='ocrx_word' id='word_1_59' title='bbox 361 2230 433 2292; x_wconf 86' lang='grc' dir='ltr'>ὅταν</span> <span class='ocrx_word' id='word_1_60' title='bbox 456 2230 488 2293; x_wconf 74' lang='grc' dir='ltr'>δὲ</span> <span class='ocrx_word' id='word_1_61' title='bbox 509 2229 600 2309; x_wconf 79' lang='grc' dir='ltr'>μείζω</span> <span class='ocrx_word' id='word_1_62' title='bbox 624 2231 729 2309; x_wconf 85' lang='grc' dir='ltr'>φύλλα</span> <span class='ocrx_word' id='word_1_63' title='bbox 752 2228 907 2314; x_wconf 82' lang='grc' dir='ltr'>καταπέσῃ</span> <span class='ocrx_word' id='word_1_64' title='bbox 931 2227 1026 2310; x_wconf 78' lang='grc' dir='ltr'>χαμαί</span> 
     </span>
     <span class='ocr_line' id='line_1_17' title="bbox 359 2331 953 2417; baseline 0.002 -21"><span class='ocrx_word' id='word_1_65' title='bbox 359 2331 487 2414; x_wconf 84' lang='grc' dir='ltr'>πάρεστι</span> <span class='ocrx_word' id='word_1_66' title='bbox 510 2333 632 2413; x_wconf 84' lang='grc' dir='ltr'>χειμόν·</span> <span class='ocrx_word' id='word_1_67' title='bbox 661 2332 750 2411; x_wconf 80' lang='grc' dir='ltr'>ἡλίου</span> <span class='ocrx_word' id='word_1_68' title='bbox 773 2333 798 2397; x_wconf 88' lang='grc' dir='ltr'>δ’</span> <span class='ocrx_word' id='word_1_69' title='bbox 822 2335 953 2417; x_wconf 77' lang='grc' dir='ltr'>ἀπουσίᾳ</span> 
     </span>
     <span class='ocr_line' id='line_1_18' title="bbox 357 2432 1045 2520; baseline -0.001 -21"><span class='ocrx_word' id='word_1_70' title='bbox 357 2435 401 2502; x_wconf 87' lang='grc' dir='ltr'>τίς</span> <span class='ocrx_word' id='word_1_71' title='bbox 424 2432 492 2519; x_wconf 79' lang='grc' dir='ltr'>οὐχὶ</span> <span class='ocrx_word' id='word_1_72' title='bbox 515 2436 603 2500; x_wconf 82' lang='grc' dir='ltr'>νύκτα</span> <span class='ocrx_word' id='word_1_73' title='bbox 626 2435 781 2520; x_wconf 73' lang='grc' dir='ltr'>προσδοκᾷ</span> <span class='ocrx_word' id='word_1_74' title='bbox 793 2462 803 2510; x_wconf 91' lang='grc'>,·</span> <span class='ocrx_word' id='word_1_75' title='bbox 835 2442 922 2518; x_wconf 84' lang='grc' dir='ltr'>φιλεῖ</span> <span class='ocrx_word' id='word_1_76' title='bbox 944 2438 977 2502; x_wconf 86' lang='grc' dir='ltr'>δέ</span> <span class='ocrx_word' id='word_1_77' title='bbox 997 2461 1045 2499; x_wconf 91' lang='grc' dir='ltr'>τοι</span> 
     </span>
     <span class='ocr_line' id='line_1_19' title="bbox 359 2540 996 2623; baseline 0 -20"><span class='ocrx_word' id='word_1_78' title='bbox 359 2541 460 2620; x_wconf 84' lang='grc' dir='ltr'>τυφὼς</span> <span class='ocrx_word' id='word_1_79' title='bbox 484 2540 580 2622; x_wconf 81' lang='grc' dir='ltr'>ἄωρος</span> <span class='ocrx_word' id='word_1_80' title='bbox 602 2545 692 2618; x_wconf 89' lang='grc' dir='ltr'>λιμὸν</span> <span class='ocrx_word' id='word_1_81' title='bbox 717 2540 858 2623; x_wconf 82' lang='grc' dir='ltr'>ἔχθιστον</span> <span class='ocrx_word' id='word_1_82' title='bbox 882 2540 996 2622; x_wconf 87' lang='grc' dir='ltr'>φέρειν.</span> 
     </span>
     <span class='ocr_line' id='line_1_20' title="bbox 358 2641 1101 2726; baseline 0.005 -20"><span class='ocrx_word' id='word_1_83' title='bbox 358 2641 425 2726; x_wconf 83' lang='grc' dir='ltr'>τάχ’</span> <span class='ocrx_word' id='word_1_84' title='bbox 448 2643 485 2706; x_wconf 78' lang='grc' dir='ltr'>ἂν</span> <span class='ocrx_word' id='word_1_85' title='bbox 508 2649 608 2710; x_wconf 82' lang='grc' dir='ltr'>καλῶς</span> <span class='ocrx_word' id='word_1_86' title='bbox 632 2644 698 2724; x_wconf 81' lang='grc' dir='ltr'>ἔχοι</span> <span class='ocrx_word' id='word_1_87' title='bbox 721 2641 794 2706; x_wconf 85' lang='grc' dir='ltr'>τόδ’·</span> <span class='ocrx_word' id='word_1_88' title='bbox 825 2645 851 2707; x_wconf 83' lang='grc' dir='ltr'>εί</span> <span class='ocrx_word' id='word_1_89' title='bbox 874 2643 899 2706; x_wconf 90' lang='grc' dir='ltr'>δ’</span> <span class='ocrx_word' id='word_1_90' title='bbox 922 2645 997 2707; x_wconf 80' lang='grc' dir='ltr'>οὕτω</span> <span class='ocrx_word' id='word_1_91' title='bbox 1021 2647 1101 2710; x_wconf 90' lang='grc' dir='ltr'>θεοῖς</span> 
     </span>
     <span class='ocr_line' id='line_1_21' title="bbox 357 2744 1024 2827; baseline 0.003 -20"><span class='ocrx_word' id='word_1_92' title='bbox 357 2751 458 2810; x_wconf 84' lang='grc' dir='ltr'>τελεῖν</span> <span class='ocrx_word' id='word_1_93' title='bbox 479 2745 612 2810; x_wconf 90' lang='grc' dir='ltr'>δέδοκται</span> <span class='ocrx_word' id='word_1_94' title='bbox 636 2746 787 2827; x_wconf 88' lang='grc' dir='ltr'>κρείσσον’</span> <span class='ocrx_word' id='word_1_95' title='bbox 809 2744 827 2825; x_wconf 80' lang='grc' dir='ltr'>ἢ</span> <span class='ocrx_word' id='word_1_96' title='bbox 852 2746 915 2809; x_wconf 85' lang='grc' dir='ltr'>κατ’</span> <span class='ocrx_word' id='word_1_97' title='bbox 938 2745 1024 2824; x_wconf 80' lang='grc' dir='ltr'>ἀξίαν</span> 
     </span>
     <span class='ocr_line' id='line_1_22' title="bbox 356 2849 1086 2933; baseline 0.001 -21"><span class='ocrx_word' id='word_1_98' title='bbox 356 2849 441 2930; x_wconf 78' lang='grc' dir='ltr'>ἡμῶν</span> <span class='ocrx_word' id='word_1_99' title='bbox 463 2849 527 2913; x_wconf 82' lang='grc' dir='ltr'>τάδ’</span> <span class='ocrx_word' id='word_1_100' title='bbox 549 2851 646 2927; x_wconf 88' lang='grc' dir='ltr'>ἔσται,</span> <span class='ocrx_word' id='word_1_101' title='bbox 668 2849 729 2933; x_wconf 79' lang='grc' dir='ltr'>χῶς</span> <span class='ocrx_word' id='word_1_102' title='bbox 754 2849 849 2931; x_wconf 85' lang='grc' dir='ltr'>ἔμοιγ’</span> <span class='ocrx_word' id='word_1_103' title='bbox 874 2849 924 2914; x_wconf 89' lang='grc' dir='ltr'>ἀπ’</span> <span class='ocrx_word' id='word_1_104' title='bbox 945 2851 1086 2914; x_wconf 81' lang='grc' dir='ltr'>ἐλπίδων.</span> 
     </span>
     <span class='ocr_line' id='line_1_23' title="bbox 279 2951 1059 3036; baseline 0.001 -21"><span class='ocrx_word' id='word_1_105' title='bbox 279 2958 324 3015; x_wconf 74' lang='grc' dir='ltr'>ΙΓ.</span> <span class='ocrx_word' id='word_1_106' title='bbox 356 2951 375 3030; x_wconf 76' lang='grc' dir='ltr'>ἦ</span> <span class='ocrx_word' id='word_1_107' title='bbox 397 2953 501 3015; x_wconf 83' lang='grc' dir='ltr'>πολλὰ</span> <span class='ocrx_word' id='word_1_108' title='bbox 523 2957 582 3018; x_wconf 80' lang='grc' dir='ltr'>πᾶς</span> <span class='ocrx_word' id='word_1_109' title='bbox 604 2979 649 3019; x_wconf 89' lang='grc' dir='ltr'>τις</span> <span class='ocrx_word' id='word_1_110' title='bbox 673 2955 704 3016; x_wconf 79' lang='grc' dir='ltr'>ἐν</span> <span class='ocrx_word' id='word_1_111' title='bbox 727 2951 838 3034; x_wconf 85' lang='grc' dir='ltr'>φρεσὶν</span> <span class='ocrx_word' id='word_1_112' title='bbox 860 2954 961 3020; x_wconf 87' lang='grc' dir='ltr'>δείσας</span> <span class='ocrx_word' id='word_1_113' title='bbox 984 2955 1059 3036; x_wconf 85' lang='grc' dir='ltr'>ἔχει·</span> 
     </span>
     <span class='ocr_line' id='line_1_24' title="bbox 358 3055 1088 3138; baseline 0.004 -20"><span class='ocrx_word' id='word_1_114' title='bbox 358 3056 428 3118; x_wconf 83' lang='grc' dir='ltr'>κούκ</span> <span class='ocrx_word' id='word_1_115' title='bbox 451 3055 517 3118; x_wconf 84' lang='grc' dir='ltr'>ἔσθ’</span> <span class='ocrx_word' id='word_1_116' title='bbox 540 3057 596 3137; x_wconf 83' lang='grc' dir='ltr'>ὅτῳ</span> <span class='ocrx_word' id='word_1_117' title='bbox 619 3082 664 3120; x_wconf 92' lang='grc' dir='ltr'>τις</span> <span class='ocrx_word' id='word_1_118' title='bbox 689 3058 731 3123; x_wconf 84' lang='grc' dir='ltr'>είς</span> <span class='ocrx_word' id='word_1_119' title='bbox 753 3057 861 3138; x_wconf 87' lang='grc' dir='ltr'>λόγους</span> <span class='ocrx_word' id='word_1_120' title='bbox 885 3057 970 3120; x_wconf 83' lang='grc' dir='ltr'>ἔλθοι</span> <span class='ocrx_word' id='word_1_121' title='bbox 991 3055 1088 3134; x_wconf 77' lang='grc' dir='ltr'>ξυνὼν</span> 
     </span>
     <span class='ocr_line' id='line_1_25' title="bbox 355 3158 1084 3242; baseline 0.003 -20"><span class='ocrx_word' id='word_1_122' title='bbox 355 3158 396 3238; x_wconf 76' lang='grc' dir='ltr'>μὴ</span> <span class='ocrx_word' id='word_1_123' title='bbox 418 3158 502 3222; x_wconf 83' lang='grc' dir='ltr'>δεινά</span> <span class='ocrx_word' id='word_1_124' title='bbox 523 3185 587 3225; x_wconf 93' lang='grc' dir='ltr'>πως</span> <span class='ocrx_word' id='word_1_125' title='bbox 609 3161 773 3223; x_wconf 85' lang='grc' dir='ltr'>λεύσσοντι</span> <span class='ocrx_word' id='word_1_126' title='bbox 796 3158 964 3240; x_wconf 88' lang='grc' dir='ltr'>φροντίδων</span> <span class='ocrx_word' id='word_1_127' title='bbox 986 3158 1084 3242; x_wconf 80' lang='grc' dir='ltr'>βάρει.</span> 
     </span>
    </p>
   </div>
   <div class='ocr_carea' id='block_1_5' title="bbox 292 3263 1196 3832">
    <p class='ocr_par' dir='ltr' id='par_1_9' title="bbox 292 3263 1196 3832">
     <span class='ocr_line' id='line_1_26' title="bbox 292 3263 1059 3352; baseline 0 -26"><span class='ocrx_word' id='word_1_128' title='bbox 292 3268 326 3328; x_wconf 93' lang='grc' dir='ltr'>Β.</span> <span class='ocrx_word' id='word_1_129' title='bbox 358 3268 445 3344; x_wconf 88' lang='grc' dir='ltr'>φιλεῖ</span> <span class='ocrx_word' id='word_1_130' title='bbox 466 3264 524 3345; x_wconf 80' lang='grc' dir='ltr'>γὰρ</span> <span class='ocrx_word' id='word_1_131' title='bbox 547 3263 622 3327; x_wconf 87' lang='grc' dir='ltr'>εἶναι</span> <span class='ocrx_word' id='word_1_132' title='bbox 646 3266 748 3338; x_wconf 81' lang='grc' dir='ltr'>ταῦτα,</span> <span class='ocrx_word' id='word_1_133' title='bbox 772 3263 842 3343; x_wconf 92' lang='grc' dir='ltr'>πρίν</span> <span class='ocrx_word' id='word_1_134' title='bbox 864 3287 892 3326; x_wconf 93' lang='grc' dir='ltr'>τι</span> <span class='ocrx_word' id='word_1_135' title='bbox 915 3265 999 3342; x_wconf 83' lang='grc' dir='ltr'>πῆμα</span> <span class='ocrx_word' id='word_1_136' title='bbox 1021 3291 1059 3352; x_wconf 83' lang='grc' dir='ltr'>γῃ</span> 
     </span>
     <span class='ocr_line' id='line_1_27' title="bbox 356 3366 1135 3451; baseline 0.006 -22"><span class='ocrx_word' id='word_1_137' title='bbox 356 3366 511 3446; x_wconf 80' lang='grc' dir='ltr'>σκήπτειν·</span> <span class='ocrx_word' id='word_1_138' title='bbox 543 3370 710 3447; x_wconf 83' lang='grc' dir='ltr'>προταρβεῖ</span> <span class='ocrx_word' id='word_1_139' title='bbox 731 3367 804 3449; x_wconf 83' lang='grc' dir='ltr'>γοῦν</span> <span class='ocrx_word' id='word_1_140' title='bbox 826 3391 870 3432; x_wconf 95' lang='grc' dir='ltr'>τις</span> <span class='ocrx_word' id='word_1_141' title='bbox 893 3367 926 3430; x_wconf 81' lang='grc' dir='ltr'>οὐ</span> <span class='ocrx_word' id='word_1_142' title='bbox 948 3368 1135 3451; x_wconf 88' lang='grc' dir='ltr'>διχορρόπως</span> 
     </span>
     <span class='ocr_line' id='line_1_28' title="bbox 356 3467 1059 3552; baseline 0.006 -19"><span class='ocrx_word' id='word_1_143' title='bbox 356 3471 391 3533; x_wconf 84' lang='grc' dir='ltr'>τὸ</span> <span class='ocrx_word' id='word_1_144' title='bbox 412 3470 537 3548; x_wconf 80' lang='grc' dir='ltr'>μέλλον,</span> <span class='ocrx_word' id='word_1_145' title='bbox 561 3467 604 3532; x_wconf 74' lang='grc' dir='ltr'>οἷ’</span> <span class='ocrx_word' id='word_1_146' title='bbox 626 3467 664 3534; x_wconf 83' lang='grc' dir='ltr'>δν</span> <span class='ocrx_word' id='word_1_147' title='bbox 685 3475 759 3551; x_wconf 83' lang='grc' dir='ltr'>πρὸς</span> <span class='ocrx_word' id='word_1_148' title='bbox 781 3474 858 3535; x_wconf 79' lang='grc' dir='ltr'>θεῶν</span> <span class='ocrx_word' id='word_1_149' title='bbox 881 3472 1059 3552; x_wconf 79' lang='grc' dir='ltr'>ὁρμώμενος·</span> 
     </span>
     <span class='ocr_line' id='line_1_29' title="bbox 356 3570 1138 3662; baseline 0.001 -26"><span class='ocrx_word' id='word_1_150' title='bbox 356 3573 395 3639; x_wconf 81' lang='grc' dir='ltr'>ὡς</span> <span class='ocrx_word' id='word_1_151' title='bbox 418 3572 466 3636; x_wconf 88' lang='grc' dir='ltr'>καὶ</span> <span class='ocrx_word' id='word_1_152' title='bbox 489 3570 662 3649; x_wconf 82' lang='grc' dir='ltr'>θάλασσαν,</span> <span class='ocrx_word' id='word_1_153' title='bbox 685 3573 764 3654; x_wconf 84' lang='grc' dir='ltr'>χεῖρ’</span> <span class='ocrx_word' id='word_1_154' title='bbox 789 3575 861 3637; x_wconf 87' lang='grc' dir='ltr'>ὅταν</span> <span class='ocrx_word' id='word_1_155' title='bbox 882 3574 982 3662; x_wconf 81' lang='grc' dir='ltr'>μέλλῃ</span> <span class='ocrx_word' id='word_1_156' title='bbox 1004 3576 1138 3657; x_wconf 77' lang='grc' dir='ltr'>βρέμειν,</span> 
     </span>
     <span class='ocr_line' id='line_1_30' title="bbox 329 3678 974 3759; baseline 0 -19"><span class='ocrx_word' id='word_1_157' title='bbox 329 3715 333 3726; x_wconf 76' lang='lat'><em>,</em></span> <span class='ocrx_word' id='word_1_158' title='bbox 355 3679 504 3741; x_wconf 81' lang='grc' dir='ltr'>ἀνθοῦσαν</span> <span class='ocrx_word' id='word_1_159' title='bbox 527 3680 627 3759; x_wconf 83' lang='grc' dir='ltr'>ὑγροῖς</span> <span class='ocrx_word' id='word_1_160' title='bbox 651 3678 768 3758; x_wconf 77' lang='grc' dir='ltr'>εἴδομεν</span> <span class='ocrx_word' id='word_1_161' title='bbox 791 3679 974 3744; x_wconf 85' lang='grc' dir='ltr'>κλυδωνίοις.</span> 
     </span>
     <span class='ocr_line' id='line_1_31' title="bbox 1100 3797 1196 3832; baseline 0.01 -1"><span class='ocrx_word' id='word_1_162' title='bbox 1100 3797 1120 3831; x_wconf 80' lang='grc' dir='ltr'>ι.</span> <span class='ocrx_word' id='word_1_163' title='bbox 1132 3797 1158 3832; x_wconf 81' lang='grc' dir='ltr'>κ.</span> <span class='ocrx_word' id='word_1_164' title='bbox 1171 3797 1196 3832; x_wconf 85' lang='grc' dir='ltr'>ο.</span> 
     </span>
    </p>
   </div>
   <div class='ocr_carea' id='block_1_6' title="bbox 0 0 1540 4490">
    <p class='ocr_par' dir='ltr' id='par_1_10' title="bbox 0 0 1540 4490">
     <span class='ocr_line' id='line_1_32' title="bbox 0 0 1540 4490; baseline 0 4"><span class='ocrx_word' id='word_1_165' title='bbox 0 0 1540 4490; x_wconf 95' lang='lat' dir='ltr'> </span> 
     </span>
    </p>
   </div>
  </div>
 </body>
</html>
