3070 4490
687 365 921 416 ANTHOLOGIA
985 371 989 378 '

753 493 856 535 κοντος

565 569 781 636 Μεσοννκτίοις
804 568 870 634 ποτ’
893 569 993 652 ὥραις,

563 671 725 754 στρέφεται
747 673 790 738 ὅτ’
813 673 919 754 άρκτος
941 671 998 752 ἤδη

562 778 636 839 κατὰ
658 781 743 858 χεῖρα
765 777 820 856 τὴν
842 777 972 856 Βούταν,

560 881 700 960 μερόπων
721 881 754 944 δὲ
777 885 860 962 φῦλα
882 879 981 944 πάντα

561 981 660 1046 κέαται
683 983 765 1069 κόπῳ
787 983 926 1064 δαμέντα,

560 1087 621 1152 τότ’
640 1085 738 1170 Ἔρως
760 1089 934 1155 έπισταθείς
955 1113 1010 1168 μεν

563 1191 674 1273 θυρέων
696 1190 796 1257 έκοπτ’
818 1194 923 1276 όχῆας.
1139 1227 1162 1252 ο

561 1294 668 1362 “Tse'’
691 1295 769 1378 ἔφην
791 1301 809 1331 “
820 1296 908 1377 θύρας
930 1293 1059 1378 άράσσει
1071 1321 1083 1369 ,·
1148 1360 1150 1365 ,

564 1398 638 1461 κατά
659 1424 714 1478 μευ
737 1399 851 1482 σχίζεις
873 1396 1035 1480 ὀνείρους.”

562 1502 578 1563 ὁ
601 1501 626 1566 δ’
645 1501 744 1584 Ἔρως
766 1504 781 1534 “
791 1501 895 1585 ἄνοιγε
904 1501 921 1525 ”
945 1503 1050 1583 φησίν,

560 1605 705 1686 ’Ἥρωος
727 1607 798 1685 εἰμί,
821 1606 861 1687 νὴ
885 1606 1036 1687 Φάβιον·

559 1707 709 1790 βρέχομοι
731 1711 763 1772 δὲ
786 1709 956 1786 κάσέληνον

560 1810 635 1875 κατὰ
657 1811 747 1874 νύκτα
769 1809 993 1892 πεπλάνημαι.”

561 1915 675 1995 έλέησα
697 1916 776 1980 ταῦτ’
800 1916 941 1992 ἀκούσας,

561 2019 618 2084 άνᾰ
640 2018 665 2083 δ’
690 2019 759 2084 εὐθὺ
783 2019 897 2102 λύχνον
920 2018 1013 2102 άφας,

558 2121 674 2208 ἆνέιρξα
697 2125 744 2187 καὶ
766 2123 883 2205 βρέφος
905 2125 961 2203 μὲν

561 2227 656 2307 ἐσορῶ
680 2225 812 2308 φέροντα
834 2226 923 2304 τόξον

560 2329 707 2412 πτέρυγάς
729 2355 762 2394 τε
785 2329 833 2394 καὶ
855 2331 1013 2411 φαρέτρην.

560 2434 641 2515 παρὰ
663 2435 689 2499 δ’
714 2433 813 2512 ἱστίην
836 2439 955 2508 καθῖσα,

559 2535 712 2616 παλάμαις
735 2564 769 2602 τε
790 2543 894 2621 χεῖρας
916 2537 1004 2601 αὐτοῦ

562 2640 742 2714 ἀνέθαλπον,
766 2643 798 2704 ἐκ
821 2644 854 2705 δὲ
875 2641 982 2723 χαίτης

560 2741 729 2823 ἀπέθλιβον
750 2743 842 2827 ὑγρὸν
863 2745 952 2824 ὕδωρ.

562 2847 578 2910 ό
600 2844 636 2925 δ’,
659 2849 725 2912 ἐπεὶ
749 2847 834 2930 κρύος
855 2849 993 2927 μεθῆκεν,

559 2948 688 3032 “φέρε”
712 2953 792 3033 φησὶ
814 2949 1031 3032 “ττειράσωμεν

559 3057 629 3120 τόδε
651 3054 746 3134 τόξον,
770 3058 798 3120 εἴ
818 3081 847 3120 τι
869 3081 920 3135 μοι
943 3059 996 3119 νῦν

557 3159 714 3241 βλάβεται
736 3165 889 3245 βραχεῖσα
911 3157 1030 3239 νευρή.”

560 3263 661 3328 τανύει
683 3267 716 3328 δὲ
740 3265 789 3327 καί
810 3290 848 3344 με
870 3263 974 3327 τύπτει

558 3367 654 3445 μέσον
676 3366 767 3448 ἧπαρ,
791 3368 892 3449 ὥσπερ
915 3365 1044 3448 οἶστρος·

559 3470 616 3532 ἀνὰ
638 3469 663 3532 δ’
688 3468 815 3534 ἅλλεται
838 3468 986 3553 καχάζων,

558 3576 576 3606 “
588 3569 655 3650 ξένε
677 3571 702 3636 δ’
714 3570 734 3600 ”
758 3573 825 3636 εἶπε
847 3576 863 3606 “
874 3573 1052 3656 σνγχάρηθι·

560 3672 644 3756 κέρας
667 3676 808 3755 ἀβλαβὲς
829 3676 886 3756 μέν
908 3677 1003 3751 ἐστιν,

558 3775 596 3840 σὺ
618 3779 651 3841 δὲ
674 3779 795 3859 καρδίην
817 3775 989 3860 τονῆσεις.”
1122 3813 1266 3850 mennon.
