3094 4494
630 377 845 427 OXONIENSIS

706 616 765 657 xlx

364 707 475 787 Ὁράτέ
494 709 534 790 μ’,
556 710 660 793 ὥσπερ
683 712 726 778 είς
748 737 794 778 τις
816 709 853 791 ἐξ
871 712 952 790 ὑμῶν
975 713 1044 794 ἐφη,

365 812 471 877 ὅπλων
492 812 619 896 γέροντα
639 819 752 896 γυμνδν
776 812 847 893 ὄντ’,
872 817 966 893 ἀλκῆς
989 816 1068 897 ἄτερ,

366 914 401 980 δν
422 917 511 1000 ἐχθές
533 914 618 981 εἴδετ’
639 919 672 981 ἐν
694 918 810 1000 θρόνοις
832 917 1009 998 καθήμενον·

367 1020 454 1084 κάκεῖ
473 1019 613 1101 τύραννος
635 1023 748 1103 μυρίων
772 1021 940 1102 ἐφαινόμην

366 1121 477 1201 νήσων,
500 1125 648 1189 πέπλοισι
670 1129 835 1209 πορφυροῖς
855 1123 1034 1204 ἠσκημένος,

368 1226 472 1290 ἀλλων
493 1235 665 1308 προφωνῶν
687 1228 758 1292 κοτἰκ
781 1226 853 1308 ἐμάς
877 1227 1050 1293 ἐπιστολάς·

368 1329 428 1394 οὐδ’
449 1328 487 1394 αθ
509 1328 577 1412 παρ’
598 1333 680 1412 ὑμῶν
701 1331 778 1397 τοῦτ’
803 1329 949 1413 ἐδεξάμην
972 1329 1089 1412 κρότος,

368 1439 428 1497 τῶν
450 1434 579 1517 εὐγενῶν
600 1434 658 1518 γάρ
681 1439 774 1518 ἐσμεν
796 1434 998 1517 ἐξηρτημένοι.

347 1525 433 1600 ’ἀνθ’
456 1540 497 1602 ῶν
518 1541 575 1618 μὲν
597 1538 650 1603 οὖν
671 1539 731 1604 τότ’
755 1541 863 1623 ἔτυχον
886 1536 1013 1622 ἱδρυθεὶς
1035 1539 1098 1602 ἐκεῖ
1213 1547 1214 1550 ’

368 1638 469 1718 ἔξιστε
491 1639 610 1718 πάντες,
632 1639 651 1721 ἢ
674 1643 783 1708 δοκεῖτ’
805 1641 957 1722 ἐξειδέναι·

369 1741 433 1807 ἀνθ’
455 1747 496 1810 ὧν
519 1749 552 1810 δέ
574 1752 627 1811 νῦν
648 1745 780 1814 ἄελπτος
802 1746 900 1811 ἐνθάδ’
924 1748 1038 1828 ίκόμην,

305 1906 311 1922 ,
370 1850 400 1912 εί
419 1873 464 1913 τις
486 1847 614 1931 πάρεστι
636 1856 697 1915 τῶν
719 1850 888 1915 ἀκουόντων
910 1848 980 1915 τάδε

369 1952 447 2037 αὐτῷ
467 1953 609 2019 συνειδὸς
632 1955 744 2019 ἀθλίως
767 1953 949 2037 ὑβρισμένῳ,

370 2054 522 2141 ᾐκισμένιρ
546 2081 578 2121 τε
602 2054 651 2121 καὶ
674 2057 936 2142 κατεσποδημένιρ,

370 2159 442 2222 ὥστ’
466 2160 534 2224 οὐδὲ
556 2159 635 2225 τοῦτ’
659 2161 700 2226 ἔτ’
722 2161 803 2224 οἶδεν
827 2163 854 2225 εί
877 2158 987 2240 πέφυκ’
1010 2158 1093 2240 ἀνήρ,

370 2269 475 2328 τοῦτον
500 2265 620 2342 κελεύω,
642 2265 799 2349 χριόμενον
820 2265 965 2349 τεκμηρίῳ

371 2371 436 2434 ταῖς
457 2368 542 2433 αῖσιν
563 2370 652 2433 αὐτοῖν
675 2373 853 2452 συμφοραῖς,
875 2368 931 2448 τὴν
953 2368 1053 2432 αἰτίαν

369 2474 423 2550 τῆς
444 2471 480 2552 ἧς
502 2477 654 2537 κατειπεῖν
676 2477 728 2552 τῆς
749 2472 775 2538 τ’
798 2475 869 2554 ἐμῆς
891 2473 1067 2555 παρουσίας.

371 2572 442 2638 ἀλλ’
463 2575 498 2640 οὐ
519 2575 577 2659 γὰρ
599 2577 685 2642 ἐστιν
706 2577 791 2644 ὅστις
815 2575 868 2641 οὐκ
890 2578 1048 2642 ἐπίσταται

372 2675 414 2743 οῖ’
436 2680 541 2760 ἀρτίως
563 2679 700 2744 πέπονθα
722 2677 770 2744 καὶ
792 2681 985 2765 συνασχαλᾷ,

372 2781 429 2865 οὐχ
451 2784 554 2864 ῶσπερ
577 2783 606 2848 οῖ
629 2788 782 2864 συνῆλθον
804 2785 834 2851 ἐς
857 2785 956 2866 κρίσιν
977 2783 1045 2847 τότε

374 2885 570 2965 ἀτιμάσαντες
592 2887 645 2951 τδν
668 2889 738 2970 πρὶν
759 2886 974 2968 ἠτιμασμένον,

374 2988 442 3052 ἐᾶτε
464 2993 556 3072 σιγῶν
578 2988 728 3072 μνήμοσιν
749 2995 856 3074 μυχοῖς
878 2994 997 3070 φρενῶν

374 3091 394 3155 δ
416 3097 469 3157 νῦν
492 3092 639 3158 κέκευθεν·
671 3095 698 3158 εί
720 3094 753 3157 δέ
776 3090 927 3178 πειρῴμην
948 3092 1053 3174 λόγοις

374 3193 455 3259 ταῦτ’
477 3197 652 3277 ἐμφανίζειν
674 3201 736 3262 τοῖς
758 3195 855 3274 μάτην
877 3195 1041 3277 ὀδόρμασιν

372 3297 428 3378 ἤδη
453 3299 615 3380 κεκμηκός,
636 3303 756 3380 μῖιλλον
778 3297 816 3361 δν
838 3299 899 3362 τότ’
922 3299 1052 3379 ἀσθενὴς

375 3403 463 3470 αὐτὸς
485 3404 624 3485 φανείην,
647 3401 680 3469 δς
702 3400 824 3483 πόρειμι
846 3404 969 3483 μείζονα

375 3507 471 3587 ἀλκὴν
493 3505 631 3588 παρέξων
652 3510 714 3573 τοῖς
737 3504 808 3588 πρὶν
829 3507 1056 3587 ἀλκιμωτάτοις,

375 3609 426 3678 οθς
448 3612 521 3694 ἔργα
543 3616 595 3675 νῖν
618 3612 739 3694 ἀνδρεῖα
761 3616 933 3689 τολμῶντας
955 3610 1038 3696 λέγω

374 3715 484 3798 τρόπον
505 3721 655 3799 γυναικῶν
676 3714 717 3796 μὴ
742 3715 923 3794 καπηλεύειν
943 3715 1052 3799 μάχην.

1057 3843 1059 3848 -
1097 3829 1124 3865 ια
1139 3829 1174 3867 w.
1185 3831 1211 3866 ο.
