3072 4490
627 359 841 409 OXONIENSIS

689 649 776 690 cxm

364 743 430 807 Νέα
451 747 506 824 μὲν
528 745 577 809 ὧδ’
601 746 727 829 ἀρθεῖσα
749 750 872 810 κινεῖται
894 748 976 830 μάχη

364 850 558 931 δυσχείμερος
582 851 709 914 κλύδωνι
731 848 788 912 σὺν
810 852 917 936 πολλῷ
938 853 1033 932 δορός·

363 954 459 1034 ὄρφνη
482 953 508 1016 δ’
531 953 625 1033 ἄωρος
647 958 787 1034 λαμπρὸν
811 955 894 1019 εἶλεν
918 955 1052 1036 οὐρανόν,

363 1055 511 1138 σκήψασα
535 1055 562 1121 δ’
585 1058 678 1140 ἔσχεν
701 1059 803 1139 ὥσπερ
826 1059 942 1146 άγχόνη
965 1057 1052 1140 φάος,

362 1158 485 1242 ἄπειρον
508 1163 687 1242 ἐμβαλοῦσα
709 1163 827 1225 δίκτυον
849 1163 968 1226 σκότου·

361 1264 413 1327 ἰῶν
435 1267 468 1328 δὲ
489 1271 634 1347 κρεῖσσον
656 1264 750 1344 ὀξέων
772 1264 836 1329 κατ’
858 1262 963 1345 αἰθέρα

362 1365 506 1450 στεροπαὶ
530 1370 656 1457 διῇσσον
678 1368 752 1433 αἰέν·
783 1369 857 1432 ὥσθ’
878 1368 964 1449 ἡμεῖς
987 1375 1069 1436 τινὸς

360 1470 513 1538 δείσαντες
535 1471 728 1554 ὀργισθέντος
752 1474 784 1536 ἐκ
808 1477 878 1537 θεοῦ
902 1473 990 1538 κότον

359 1575 515 1655 ύκνοΰμεν·
544 1578 573 1639 οἱ
596 1573 622 1640 δ’
644 1575 773 1642 άπαντες
796 1575 836 1642 ὧς
858 1575 1064 1658 χολκόστομοι

359 1677 445 1766 φωνῇ
466 1681 570 1760 βόαμα
591 1683 794 1763 μυριοπληθές
817 1681 871 1764 μιᾷ

359 1782 453 1849 ἱέντες
476 1785 629 1849 ἔκσείουσι
651 1787 709 1868 γῆν
729 1785 942 1865 μεσόμφαλον·

358 1884 496 1968 διερράγη
520 1885 546 1950 δ’
569 1889 584 1949 ὁ
607 1893 724 1968 τυφλὸς
747 1889 871 1970 ούρανοῦ
894 1888 990 1954 πόλος

357 1994 484 2055 παιᾶνος
507 1991 610 2073 ὥσπερ
634 1991 753 2078 έμβολῇ
776 1991 980 2073 πανωλέθρου,

358 2093 432 2155 ὥσθ’
454 2092 472 2171 ἡ
494 2096 551 2178 βίη
574 2100 723 2176 κρατοῦσα
744 2093 800 2173 νὺξ
819 2095 1011 2177 μεσημβρινὴ

357 2195 542 2276 ἀντηλάλαξ’
564 2197 680 2263 ἄνωθεν
701 2198 791 2283 ἆντίιρ
815 2198 923 2284 κτύπῳ·

355 2305 472 2364 τοιοῦτο
495 2300 521 2364 δ’
544 2301 729 2382 ἆντηύδησεν
752 2299 882 2384 ὡσπερεὶ
905 2300 1005 2365 σάλου

357 2405 526 2488 πλημμυρὶς
549 2403 701 2488 ἐκρήξειεν
723 2405 850 2488 ούρανοῦ
874 2405 982 2470 κύκλον

357 2507 506 2588 στέφανοί
525 2534 558 2572 τε
581 2508 702 2591 πύργων
724 2508 867 2602 φρούριόν
889 2507 914 2572 τ’
940 2507 1097 2588 ἐπάλξεων

355 2611 497 2692 ἄστροισι
520 2614 706 2694 ποικίλειμον
727 2613 860 2696 ὑψίστου
883 2619 957 2680 Διὸς

356 2713 409 2793 ἤδη
434 2721 573 2780 κτυποῖεν
596 2718 629 2781 έν
651 2717 852 2803 βαρυγδούπῳ
875 2713 984 2799 φθορά.

353 2823 481 2882 τοσοῦτο
501 2822 558 2899 μὲν
579 2827 689 2902 βοῶσι,
711 2819 761 2885 διὰ
782 2821 862 2900 βοὴν
884 2819 909 2884 δ’
933 2821 976 2884 ἔτι

352 2919 447 2998 μέσην
467 2948 500 2986 τε
525 2920 572 2985 καὶ
594 2921 752 3005 λήγουσαν
774 2924 817 2988 εἶς
839 2949 884 2989 τις
907 2925 1008 3006 ὄρθιον

353 3023 450 3105 ἔρρηξ’
471 3024 544 3107 ἀνὴρ
567 3027 694 3107 φώνημα
717 3025 888 3108 σάλπιγγος
911 3025 1003 3103 δίκην·

352 3127 398 3202 ἴτ’,
423 3126 595 3209 ἐκπεράνοτ’
619 3129 716 3211 ἔργον·
748 3130 803 3211 οὐχ
825 3129 912 3208 ἕδρας
935 3126 1023 3207 ἀκμή·

352 3229 398 3307 ἴτ’,
421 3233 530 3314 ἐχθρὸν
553 3230 682 3311 έξαμᾶτε
705 3232 863 3312 πρόρριζον
885 3232 947 3313 δορὶ

352 3334 535 3414 μνησθέντες
559 3336 623 3398 οἶον
646 3332 682 3413 ἐξ
703 3337 767 3398 οἵου
789 3340 899 3414 πατρδς
920 3332 1008 3417 γένος

353 3437 510 3517 πεφύκατ’,
533 3438 567 3502 οὐ
589 3444 734 3519 χερσαῖον
757 3441 788 3501 ἐκ
811 3437 1024 3519 τειχισμάτων,

353 3539 422 3604 ἀλλ’
446 3541 564 3622 εὐγενὲς
586 3540 754 3623 βλάστημα
776 3541 897 3608 ποντίας
922 3541 1005 3607 ἁλός·

353 3645 452 3708 κλύων
475 3647 508 3708 δὲ
530 3649 589 3711 πᾶς
611 3671 657 3712 τις
679 3644 801 3725 θουρίαν
823 3647 948 3724 τάνδρὸς
971 3645 1050 3726 βοὴν

352 3749 493 3830 ἔφρισσε,
514 3753 627 3813 λεπτδν
649 3746 742 3830 αἰθέρ’
765 3749 805 3816 ὡς
826 3748 896 3834 ἠχεῖ
917 3752 974 3826 δία,
