3070 4490
620 353 835 404 oxomensis
1172 357 1228 420 177

696 543 764 586 cvn

227 639 311 698 Mors
332 658 395 717 age,
421 640 484 699 dux
505 639 663 716 longaeva,
688 643 789 700 ratem
809 641 886 718 quin
905 639 1083 700 solvimus?
1109 637 1205 700 huius

266 739 443 814 pertaesum
464 739 654 796 est—cessas
675 739 809 814 pandere
830 738 1083 815 velat-plagae.

227 835 254 894 si
276 835 360 894 cclcr
380 838 429 896 est
450 835 542 912 caelo,
565 835 592 894 si
613 836 769 913 fiuctibuS,
792 836 968 911 atramenti,

268 936 393 1010 pectora
414 953 492 1010 quae
513 933 597 992 nosti
617 933 737 994 lumine
758 934 851 1010 plena
870 934 967 995 vides,

228 1032 322 1092 funde
343 1034 435 1091 tuum
455 1032 554 1091 fessos
575 1032 703 1092 doctum
724 1051 859 1092 recreare
879 1051 1058 1092 venenum:

269 1129 326 1188 hac
348 1129 482 1188 domitos
504 1130 630 1189 flamma
652 1130 785 1208 gurgitis
805 1130 869 1190 ima
890 1131 1029 1206 trahunt,

230 1248 283 1287 seu
305 1227 381 1288 latet
401 1227 547 1305 Elysium
568 1249 623 1288 seu
643 1229 799 1305 Tartarea,
822 1229 887 1288 ima
908 1231 1069 1305 petemus,

272 1327 346 1402 quid
368 1326 411 1386 sit
429 1327 464 1385 in
484 1326 602 1404 ignotis
623 1329 686 1387 stat
707 1327 842 1404 reperire
864 1327 946 1388 novi.

693 1536 773 1578 CVIII

232 1632 291 1692 Sed
313 1632 414 1692 Marte
435 1632 545 1710 iniquo
566 1653 671 1711 pugna
691 1654 750 1694 nos
770 1636 896 1695 menet:
925 1633 997 1708 scic,

232 1730 370 1806 sciatque
391 1733 536 1790 nostrum
558 1733 697 1809 quisquc.
742 1733 881 1792 multum
903 1732 1000 1792 armis
1020 1731 1126 1791 valent
1171 1789 1175 1800 ,

233 1829 338 1888 hostes
358 1831 398 1904 et,
421 1849 510 1889 arma
532 1850 610 1906 quae
631 1832 726 1908 regat,
750 1830 926 1907 prudentia.

234 1947 297 1986 non
319 1946 389 2004 spes
410 1927 444 1986 in
465 1928 563 1987 aciem
585 1949 643 1988 nos
664 1928 764 1988 trahit
785 1929 942 2004 victoriae,

233 2044 310 2100 gens
331 2027 397 2084 tota
418 2026 471 2085 sed
493 2046 533 2085 ne
553 2028 675 2102 pereat:
703 2027 763 2086 hcc
783 2026 963 2104 aequalibus

234 2125 390 2199 praestare
411 2124 615 2202 posterisque,
639 2125 774 2202 principi
794 2125 891 2184 simul

236 2221 389 2298 gentique,
413 2242 531 2282 munus
553 2223 701 2298 debitum,
726 2223 928 2297 conabimur,

235 2324 356 2380 certum
376 2323 425 2380 est
445 2322 582 2381 tenentis
603 2323 730 2382 dextera
750 2322 871 2381 ferrum
891 2341 988 2381 manu

236 2423 380 2496 oppetere
401 2420 507 2495 potius
526 2420 631 2480 vincla
652 2440 748 2498 quam
769 2421 874 2498 segnis
895 2418 962 2496 pati

237 2520 368 2596 ducique
389 2519 521 2579 vinctos.
566 2519 625 2578 hac
646 2519 697 2579 via
718 2519 927 2596 pergentibus,

238 2638 333 2694 quam
353 2637 438 2677 nunc
459 2617 585 2692 inimus,
609 2617 677 2694 ipsa
698 2618 927 2678 contemnenda
947 2636 1042 2692 mors,

232 2705 284 2773 ‘nil
305 2735 370 2774 non
390 2715 554 2774 ferendum
574 2718 630 2775 est
675 2718 780 2776 mente
801 2716 844 2775 sic
865 2717 958 2775 firma
979 2715 1074 2788 decet,

239 2814 330 2872 rebus
352 2812 504 2887 secundis,
528 2813 577 2872 dis
598 2814 784 2889 faventibus,
808 2815 919 2890 pedem

238 2911 384 2988 proferre.
429 2911 536 2986 parvis
556 2931 672 2988 magna
693 2913 816 2988 saepius
835 2911 898 2972 viri

240 3010 336 3069 fortes
356 3008 497 3068 tulerunt
519 3010 638 3085 opibus.
684 3011 757 3069 hinc
778 3010 882 3069 absint
901 3008 1011 3084 procul

241 3107 417 3184 quicunque
438 3106 533 3167 inerti
554 3107 670 3167 debiles
691 3110 818 3183 torpent
839 3107 910 3180 situ,

241 3206 418 3282 quicunque
440 3205 585 3276 inaudax,
607 3205 720 3280 lentus,
747 3225 881 3264 ausurus
901 3204 992 3276 nihil,

242 3303 371 3364 consilia
391 3305 498 3363 turbat
519 3308 639 3378 cuncta,
664 3303 710 3362 nil
731 3323 843 3362 curans
864 3302 927 3362 nisi

242 3405 278 3462 ut
297 3403 364 3479 ipse
385 3401 471 3478 turpi
490 3403 669 3478 perfruatur
690 3402 762 3462 otio.

243 3501 338 3560 velim
358 3502 418 3560 hos
438 3502 553 3561 abesse.
595 3500 696 3575 ceteri,
720 3500 794 3560 freti
815 3500 888 3574 deis,

243 3599 320 3659 ferte
341 3619 428 3659 arma
448 3620 581 3660 mecum.

329 3777 356 3820 12
