3072 4490
606 368 821 417 OXONIENSIS

658 673 767 714 CLXXII

256 767 370 826 Noster
389 769 456 826 erat
477 769 577 826 terrae
598 786 754 843 nusquam
775 769 812 826 ut
832 765 932 842 magis
953 766 1032 826 alter
1052 767 1189 842 amicus;

296 866 400 925 iunxit
421 885 479 924 nos
499 865 603 926 valido
624 866 746 924 foedere
767 865 854 924 sidus
875 865 967 939 idem,

255 983 311 1024 nec
331 964 393 1023 fuit
413 963 549 1023 invidiae
571 964 661 1023 nobis
682 964 887 1040 quodcunque
907 983 963 1038 per
983 983 1094 1023 aevum

294 1062 418 1139 insigne
439 1064 487 1121 est
507 1063 570 1121 fida
591 1081 706 1121 nomen
728 1061 873 1121 amicitia.

255 1163 384 1221 noverat
404 1160 455 1219 hic
476 1160 561 1219 solus
581 1160 693 1219 fratres
713 1162 746 1219 et
766 1161 858 1219 corda
874 1180 1017 1220 sororum

295 1278 373 1334 quos
394 1258 466 1335 pius
486 1261 518 1318 et
539 1260 647 1317 nostro
668 1258 776 1318 mallet
796 1277 901 1317 amoro
923 1278 1018 1334 puer;

254 1355 298 1416 sic
319 1377 441 1434 quoque
464 1357 630 1415 concordes
651 1357 758 1415 animo
780 1356 962 1416 duravimus
983 1376 1046 1414 uno

293 1454 415 1530 istaque
436 1454 528 1514 turba
548 1454 617 1530 ipso
638 1474 689 1512 me
710 1453 792 1512 mihi
811 1453 911 1529 pluris
932 1458 1006 1513 erat.

253 1573 310 1613 vos
329 1553 448 1614 aeterni
468 1554 558 1630 ignes
579 1556 611 1612 et
632 1553 754 1612 conscia
774 1552 896 1612 lumina
917 1555 1022 1627 testor,

293 1672 356 1712 nox
376 1653 540 1712 indefessis
561 1652 683 1728 saepius
704 1654 773 1711 acta
794 1651 862 1724 fuit,

253 1753 289 1809 ut
310 1751 421 1811 fratres
442 1751 589 1824 Helenae,
614 1749 732 1808 laudati
752 1750 911 1825 exemplar
930 1749 1055 1823 amoris

292 1850 400 1909 mirati
420 1849 566 1910 steterint
584 1848 845 1925 immemoresque
865 1847 942 1909 viae.

253 1949 394 2024 tempora
414 1969 472 2008 nec
493 1947 585 2024 nugis
606 1947 759 2006 Venerive
781 1966 905 2006 merova
927 1947 1098 2020 vacabant;

294 2046 458 2107 Socraticis
481 2045 593 2104 studiis
615 2065 677 2103 nox
698 2063 826 2121 operosa
846 2045 916 2104 fuit.

253 2164 344 2204 musa
364 2146 444 2204 sales
465 2145 602 2217 aderant,
627 2143 718 2203 vivae
739 2145 771 2202 et
792 2142 937 2202 facundia
957 2142 1101 2219 linguae3

294 2264 398 2303 nonne
419 2243 496 2302 a1tis
518 2242 650 2302 colerem
671 2241 771 2300 dulcis
791 2240 889 2300 amice
912 2243 1007 2300 tuas?

1107 2353 1130 2387 1².
1144 2352 1179 2386 m:
1191 2353 1217 2387 P.

652 2630 775 2671 cnxx111

255 2731 323 2805 Qua
343 2728 444 2788 stellis
465 2728 573 2788 lucens
594 2727 656 2787 late
678 2729 764 2803 patet
785 2726 902 2800 aethra,
925 2725 1085 2801 sepultum

295 2827 408 2904 ponite,
433 2825 485 2886 cui
505 2826 624 2903 placuit
645 2825 712 2885 vita
732 2826 892 2899 placetque
913 2824 1013 2883 mori:

257 2926 361 2986 ‘venit
382 2945 443 3001 quo
465 2924 588 2999 voluit,’
610 2943 685 2983 saxo
707 2924 783 2982 haec
805 2921 980 2997 insculpite‚
1006 2923 1111 2982 ‘venit

294 3024 332 3084 de
353 3023 425 3083 nive
445 3026 584 3097 venator,
608 3024 679 3098 post
699 3021 779 3080 freta
800 3021 896 3079 nauta
917 3020 1069 3081 domum'

254 3182 345 3242 Idem
366 3182 543 3241 Graece:—

256 3295 444 3378 Ἀστροφοεῖ
464 3296 566 3371 κοίτην
587 3318 637 3369 μοι
659 3289 709 3356 ὑπ’
732 3290 826 3372 αἰθέρι
849 3289 974 3369 τεθξαθ,
997 3294 1120 3371 ἑταῖροι,

300 3398 333 3465 ὃς
354 3399 468 3483 χαίρων
490 3397 515 3460 τ’
539 3397 614 3474 ἔζων
638 3396 707 3460 κούκ
731 3395 827 3459 ἀέκων
851 3395 969 3458 ἔθανον·

256 3501 395 3586 γράψατε
417 3500 442 3564 δ’
464 3502 496 3564 έν
517 3501 621 3586 τύμβῳ
644 3499 705 3564 τόδ’
727 3500 808 3564 ἔπος·
838 3499 965 3577 ‘voires
988 3495 1087 3577 λιμέν’
1109 3500 1201 3580 εὑρὼν

301 3609 408 3685 κεῖμαι·
439 3604 582 3687 θηρευτὴς
605 3603 641 3683 ἐξ
661 3605 746 3686 ὄρεος
770 3600 919 3682 κατέβην.’

1102 3719 1134 3753 W.
1147 3719 1173 3754 R.
1185 3720 1212 3755 Η.
