3094 4494
641 374 857 424 OXONIENSIS

704 705 787 746 XLIII

407 813 497 874 Eheu
518 817 658 876 vetustas
679 817 842 878 Pieridum
863 821 973 879 domos

407 915 498 990 urget
517 934 574 990 por
593 934 706 975 aevum
726 936 789 976 nox
809 917 995 978 taciturnior

447 1011 483 1070 ni
504 1012 584 1072 forte
605 1014 747 1073 desuetos
769 1015 885 1075 doloris

488 1109 630 1188 improba
649 1111 699 1172 vis
719 1132 868 1173 numeros
890 1114 1032 1174 resolvat.

407 1210 508 1268 testor
527 1209 683 1286 nigrantis
705 1211 842 1271 culmino
863 1212 1016 1290 Delphico

408 1305 513 1379 silvas,
536 1311 570 1367 et
589 1308 651 1368 alte
672 1309 840 1386 Carpathio
860 1310 981 1370 insulas
1006 1305 1010 1312 ’

446 1409 543 1482 ponto
564 1407 741 1484 eminentis,
764 1411 797 1468 et
817 1409 974 1469 Minervae

489 1524 567 1581 quae
589 1505 691 1582 gelido
711 1509 795 1565 secat
815 1527 908 1566 amne
929 1527 1003 1567 rura

409 1601 531 1678 Ilissus‚
554 1605 587 1662 et
607 1605 638 1663 te
658 1603 801 1681 margine
823 1605 915 1666 devio

408 1699 462 1776 qui
483 1701 586 1762 volvis
607 1721 683 1761 auro
703 1703 836 1762 flumina
857 1704 1003 1764 turbidus

446 1799 620 1872 Menandre,
641 1819 698 1860 vos
718 1803 843 1860 montes
862 1802 977 1862 saerati

488 1899 635 1973 carmine,
659 1901 726 1958 tam
747 1899 869 1960 validos
888 1901 970 1978 poet‘

411 1996 466 2072 qui
487 1997 665 2056 oonoitastis
685 2000 812 2073 pectora
830 1998 866 2056 in
885 1998 1042 2076 impetus3
1086 2073 1090 2080 ῃ

414 2115 471 2156 vos
491 2095 629 2155 fontium
649 2097 760 2171 undae,
784 2116 947 2156 murmure
969 2118 1046 2175 quae
1067 2102 1155 2178 gravi

448 2193 525 2254 olim
547 2195 732 2270 strepebatis
752 2215 809 2272 per
829 2195 975 2255 umbram

488 2312 583 2370 quam
604 2294 748 2353 veterum
768 2292 868 2368 pietas
890 2293 1017 2356 colebat

408 2393 506 2452 donec
526 2391 624 2469 priori
644 2391 718 2451 sede
739 2391 940 2452 Heliconides

406 2510 523 2551 cessere
543 2492 688 2564 maestae,
712 2490 811 2550 Paroa
831 2490 897 2550 suis
918 2490 1015 2551 simul

446 2609 555 2650 aversa
575 2588 668 2650 Grais
687 2588 856 2664 invidebat,

487 2690 519 2747 et
540 2687 646 2747 Latios
667 2687 783 2763 potiere
805 2706 942 2764 campos.

405 2807 516 2864 regum
536 2787 690 2848 Camenae
711 2786 830 2846 scilieet
848 2787 964 2864 impios

406 2886 496 2946 odere
517 2885 625 2959 fastus,
649 2884 749 2962 plebis
769 2884 917 2944 inertiam

446 2984 598 3043 damnant
617 2983 751 3058 eaedem,
774 3002 853 3058 quae
873 2980 1013 3058 superbit

486 3081 591 3142 vinela
611 3099 668 3139 suo
688 3080 875 3156 imposuisse
897 3079 994 3139 eollo:

407 3199 482 3239 mox
503 3181 539 3238 ut
559 3178 690 3237 Latinae
711 3180 846 3238 oesserat
865 3176 986 3237 indoles

404 3261 526 3337 'exoelsa
546 3275 657 3353 gentis,
681 3275 849 3336 eonsilium
870 3275 935 3336 dois

448 3374 530 3435 sedit
550 3373 778 3434 Britannorum
800 3374 904 3434 refuso

489 3472 591 3532 cineta
610 3471 678 3532 solo
697 3492 839 3550 reparare
860 3493 941 3534 saxa.

1107 3583 1132 3618 G·
1149 3583 1174 3618 A.
1193 3582 1214 3618 Ι.
