3070 4490
632 399 848 450 OXONIENSIS

722 578 755 619 01

281 675 454 738 Continuos
474 693 580 748 unam,
605 674 711 734 credat
731 674 786 751 qui
807 672 913 751 possit,
940 673 1052 750 amavi,

321 777 385 834 tres
405 773 469 832 iam
490 772 662 847 continuos,
685 774 749 832 tres
771 772 838 832 sins
859 771 921 831 fine
943 771 1018 832 dies.

282 872 382 950 quid?
408 873 496 948 puto,
517 872 581 930 tres
602 870 679 930 alios
700 869 784 930 idem
805 872 983 930 constanter
1003 871 1114 931 amabo

323 971 351 1031 si
370 971 450 1031 foret
469 973 623 1030 antennas
643 989 718 1029 aura
739 970 874 1030 secunda
893 989 989 1029 meas.

282 1089 358 1130 nam
379 1069 467 1146 prius
486 1068 602 1128 exactis
622 1068 786 1128 decurrent
806 1067 967 1129 mensibus
987 1069 1071 1144 amri,

323 1171 448 1244 tempus
467 1165 560 1226 humi
579 1186 682 1244 penna
702 1165 863 1226 deficiente
885 1168 991 1241 cadet3

284 1286 378 1344 quam
398 1285 455 1342 per
474 1268 629 1325 terrarum
650 1267 754 1325 totum
775 1265 967 1325 constantior
988 1266 1094 1326 orbem

323 1368 428 1424 tamve
449 1366 542 1424 tenax
561 1364 629 1424 voti
649 1363 858 1440 comperiatur
877 1383 995 1426 amans.

285 1465 325 1538 at,
349 1462 393 1522 sic
413 1462 478 1522 fata
497 1461 578 1522 mihi
598 1481 664 1522 sese
685 1462 847 1523 ostendere
867 1462 1015 1540 maligna,

325 1561 371 1620 nil
390 1581 430 1620 ex
450 1581 483 1620 re
503 1561 593 1637 potui
613 1561 723 1621 ducere
744 1561 847 1621 laudis
867 1581 933 1638 ego.

284 1679 348 1718 non
369 1660 493 1736 cuperet
513 1678 637 1718 mecum
658 1658 750 1736 longe
771 1679 931 1719 remanere
952 1658 1081 1736 Cupido,

326 1757 361 1817 ni
381 1757 483 1831 modo,
507 1777 585 1834 quae
606 1757 710 1834 tetigit
731 1759 863 1834 pectora,
888 1758 1012 1835 Pyrrha
1032 1758 1131 1833 foret3

283 1856 318 1915 ni
338 1857 431 1915 modo
453 1855 576 1932 Pyrrha
596 1855 685 1930 foret,
709 1855 744 1914 ni
764 1855 906 1932 Pyrrhae
928 1856 1029 1916 forma
1048 1857 1198 1915 venustae

326 1974 377 2013 me
399 1955 528 2030 caperet,
552 1953 648 2013 nullis
668 1953 845 2030 effugienda
865 1954 985 2028 modis3

286 2052 383 2112 altera
403 2052 443 2112 ab
463 2051 628 2112 undecima
649 2053 829 2129 (numerum
848 2050 935 2110 hunc
956 2070 1068 2128 augere
1087 2050 1210 2126 licebat)

326 2149 361 2209 in
381 2150 522 2227 Pyrrhae
543 2149 648 2227 potuit
666 2149 731 2209 iam
751 2149 882 2209 subiisse
902 2149 1016 2210 locum.

1024 2259 1046 2296 0.
1059 2259 1088 2294 Η.
1100 2260 1136 2297 ΒΤ.
1150 2261 1173 2294 L·
1187 2259 1214 2296 R.

726 2357 773 2399 cn

327 2453 471 2530 Ingentis
491 2453 586 2513 iactet
606 2453 717 2514 titulos
739 2456 832 2531 atque
852 2453 940 2513 urbis
960 2453 1104 2527 honores,

369 2551 421 2611 cui
440 2551 624 2611 natalicium
645 2552 732 2611 sidus
752 2554 785 2611 ot
805 2552 884 2612 hora
905 2551 999 2612 favet.

329 2670 379 2710 me
401 2650 513 2726 potius,
537 2651 639 2710 fastus
659 2650 738 2711 istos
758 2650 810 2710 oui
829 2650 894 2710 fata
915 2651 1078 2726 negarunt,

368 2748 400 2807 id
422 2749 505 2826 quod
525 2748 692 2825 praecipuo
714 2748 826 2826 dignor
846 2749 966 2808 honore
986 2747 1082 2808 iuvat.

330 2845 456 2906 deliciae
477 2847 533 2924 qui
553 2848 628 2906 sunt
648 2866 768 2924 regum,
792 2867 848 2906 ceu
869 2846 982 2920 caltha,
1006 2845 1125 2905 colores

370 2945 553 3022 oppandunt
573 2945 694 3005 domini
714 2944 790 3005 solis
811 2945 850 3004 ad
871 2964 926 3005 ora
947 2944 1005 3018 sui,

330 3042 439 3102 nubila
459 3042 501 3102 sit
521 3043 622 3117 facies,
647 3043 775 3102 illorum
796 3042 896 3119 gloria
915 3041 1016 3116 fiuxit,

371 3159 524 3216 aureaque
545 3139 579 3199 in
600 3160 666 3200 sese
687 3141 790 3200 forma
811 3139 933 3216 sepulta
953 3140 1040 3200 iacet.

330 3240 477 3298 strenuus
497 3240 529 3297 61
549 3237 641 3297 miles
661 3237 764 3298 felicia
783 3239 878 3297 notus
900 3238 939 3297 ob
960 3257 1055 3312 arma,

371 3337 399 3396 si
419 3335 535 3396 totiens
554 3335 657 3396 victor
675 3335 814 3396 vincitur
834 3334 900 3412 ipse
921 3336 1025 3412 semel,

331 3435 452 3496 raditur
471 3455 489 3494 e
510 3433 600 3494 fastis
620 3434 750 3494 omnino
770 3453 887 3493 nomen
907 3434 1057 3509 honestis,

372 3533 539 3611 omniaque
560 3532 684 3593 assiduo
706 3534 794 3610 gesta
813 3532 918 3593 labore
939 3534 1062 3594 cadunt.

331 3654 349 3693 o
370 3653 428 3711 ego
450 3652 545 3710 quam
565 3631 674 3692 videor
694 3631 777 3706 felix,
801 3631 963 3692 immobile
984 3633 1092 3708 pectus

372 3731 506 3809 pectoris
526 3730 653 3791 immoti
673 3750 796 3807 semper
816 3730 952 3791 amantis
973 3749 1089 3790 amans.

1117 3841 1142 3875 A.
1154 3839 1178 3875 T.
1190 3840 1215 3874 B.
