3094 4494
633 381 848 432 OXONIENSIS

692 562 782 606 XXXV

400 658 510 720 Tutela
530 657 617 736 mgni
638 657 701 718 fida
721 657 907 733 Britannici,

397 757 538 836 Argylle,
562 759 672 817 oautus
692 776 749 817 neo
769 755 884 834 populo
904 755 1002 817 nimis

439 855 589 917 obsistere
608 855 741 916 instanti
761 859 930 930 memento,

480 974 538 1014 neo
558 954 671 1015 timida
691 954 764 1015 dare
785 953 873 1015 frena
894 954 1011 1030 dextra,

399 1052 559 1130 utrimque
579 1053 672 1114 iustis
692 1052 848 1114 limitibus
868 1053 999 1113 modum

399 1150 491 1210 finire
511 1151 669 1228 prudens;
695 1150 787 1212 laude
808 1150 984 1212 faventium

439 1247 599 1324 immotus,
623 1248 775 1325 infidique
796 1251 943 1308 constans

480 1346 684 1423 opprobrium
704 1347 836 1407 toletam
856 1346 953 1425 vulgi.

400 1444 524 1504 munita
544 1448 630 1522 gesta
649 1447 783 1522 pectora,
807 1465 847 1505 ne
868 1445 953 1506 diem

401 1545 570 1619 praeponat
590 1543 667 1603 anni
687 1544 780 1603 turba
800 1543 942 1622 negotiis,

441 1659 587 1701 curamve
609 1639 744 1717 depellat
764 1641 825 1702 diei

482 1758 555 1817 prae
576 1738 690 1798 studiis
710 1738 862 1817 fugientis
881 1739 984 1801 horae

400 1836 486 1896 inter
504 1837 625 1896 fluores
645 1856 707 1897 vox
727 1838 782 1896 tua
803 1837 916 1898 oivioos

402 1953 459 1995 oeu
480 1955 605 1995 carmen
625 1936 710 1996 auris
730 1939 883 2012 personet,
908 1935 1068 2014 improbus

442 2034 519 2094 dum
540 2033 657 2093 elamor
676 2033 813 2094 alternae
834 2033 992 2095 tumultus

480 2132 655 2210 ingeminat
675 2132 851 2210 regeritque
872 2132 965 2194 1ixae.

403 2233 436 2291 at
456 2232 492 2291 tu
514 2230 616 2308 sagnoi
638 2230 768 2290 oonsilio
788 2233 900 2308 potens

402 2329 448 2389 sio
467 2329 557 2389 flecte
577 2349 684 2389 rerum
705 2331 782 2406 quot
801 2329 931 2390 venient
950 2330 1034 2392 viees

444 2430 481 2487 ut
501 2426 580 2504 legis
600 2426 778 2505 aeternique
800 2427 921 2488 disomt

484 2525 617 2585 foederis
637 2524 672 2585 in
693 2545 862 2586 numerum
881 2527 1011 2588 moven'.

1108 2637 1134 2672 H.
1150 2636 1172 2672 Ε,
1185 2638 1208 2670 τ.

690 2811 793 2854 XXXVI

242 2905 357 2980 Gedite,
381 2905 474 2967 turba
494 2906 618 2968 minori
653 2907 730 2984 quid
749 2928 842 2985 quem
863 2927 921 2969 sua
939 2907 1078 2985 praemia
1099 2906 1201 2967 laudis

283 3025 318 3065 ao
338 3008 413 3066 tuus
433 3005 572 3066 ineendit
592 3009 724 3083 peotora,
749 3007 883 3081 Phoebe,
907 3007 1003 3080 furor,

242 3104 293 3164 oui
312 3104 413 3164 facilis
434 3124 546 3180 sermo,
570 3103 677 3164 faciles
698 3104 793 3164 risere
815 3105 967 3165 Camenae

283 3202 463 3280 ingeniique
484 3201 576 3262 bonis
597 3202 779 3262 oonoiliatus
800 3221 897 3278 amor,

243 3301 270 3360 si
291 3300 369 3360 solio
390 3299 528 3377 fratrem,
551 3300 665 3360 Parthi
685 3300 723 3359 de
744 3319 840 3371 more,
864 3300 1001 3376 repellat,

283 3417 339 3459 neo
360 3397 480 3458 socium
501 3398 590 3476 regni
610 3397 798 3458 sustinuisse
818 3400 912 3475 queat
923 3420 931 3474 3

243 3497 346 3556 fronte
367 3499 455 3574 gerat
475 3496 600 3572 fastum,
624 3497 758 3557 livorem
778 3499 909 3573 pectore,
933 3499 965 3558 et
986 3497 1070 3573 artis,

283 3595 390 3656 enisus
411 3595 525 3673 quibus
546 3598 601 3671 est,
626 3595 727 3655 oderit
747 3595 813 3671 ipse
834 3615 927 3669 suas;

243 3693 344 3754 elevet
363 3693 483 3756 urbano
505 3693 579 3768 risu,
603 3693 767 3770 laudetque
788 3693 945 3770 maligne3

283 3794 431 3867 provocet
450 3790 590 3852 infensos
611 3790 754 3852 blandior
775 3791 841 3868 ipse
861 3791 962 3866 sales;
