3070 4490
624 402 840 452 OXONIENSIS

670 681 791 723 mxu

274 777 351 840 Οἶον
368 775 473 858 ἀρτίως
489 777 632 856 ἀκούσας,
645 778 774 860 Γρύλλε,
793 781 846 857 τῆς
861 783 969 860 μητρὸς
984 779 1079 862 λόγον

272 929 424 1009 μανθάνω·
459 931 499 995 σὺ
521 933 577 1012 μὲν
598 931 657 1016 γὰρ
679 933 754 1020 αὐτῇ
775 932 864 997 πάντ’
887 931 1004 1012 ἔλεξας,
1025 932 1044 1012 ἡ
1068 932 1093 996 δ’
1116 933 1189 1016 ἐμοί,

273 1083 436 1167 χρημάτων
457 1085 572 1169 γυναῖκ’
596 1086 643 1169 ἄρ’
666 1085 760 1153 οὕνεκ’
783 1088 818 1151 ού
842 1087 881 1150 σύ
902 1087 931 1167 γ’
952 1084 1082 1165 ἄξεσθαι
1105 1089 1213 1167 δοκεῖς,

275 1236 345 1301 ἀλλ’
369 1243 445 1321 ἐρῶν
468 1243 596 1322 ἐρῶσαν,
618 1238 741 1322 ὦνόητε,
764 1240 819 1321 τὴν
840 1246 893 1306 τοῦ
915 1241 1060 1323 γείτονος,

275 1395 330 1474 τὴν
352 1395 401 1477 ἐφ’
425 1398 490 1478 ἱερῑι
512 1395 549 1477 δὴ
573 1396 713 1477 θέουσαν,
735 1395 791 1476 τὴν
813 1397 909 1476 μόνην
931 1397 1025 1462 ὄντως
1048 1391 1166 1474 καλῄν;

277 1549 383 1631 μυρίας
403 1549 459 1629 μὲν
482 1549 533 1615 ούν
556 1550 594 1617 δν
617 1552 710 1634 εὑρὼν
731 1551 796 1615 ίσθι
820 1551 869 1617 καί
891 1558 952 1615 τῶν
973 1550 1139 1615 πλουσίων.

274 1702 376 1787 βραχὺ
394 1709 428 1768 τδ
451 1703 577 1786 κάλλος,
592 1707 696 1787 ὥσπερ
715 1705 817 1774 ἄνθος·
842 1705 1075 1788 ἀπομαραίνεται
1094 1707 1153 1788 γὰρ
1173 1704 1233 1768 οὖν·

276 1858 386 1941 μόνιμα
410 1856 435 1923 δ’
453 1859 489 1923 αὖ
512 1859 550 1924 τὰ
572 1857 700 1945 χρήματ’
722 1861 788 1925 ἐστὶ
813 1859 985 1925 κάπέδωκεν
1008 1861 1039 1925 ἒς
1063 1858 1168 1926 πλέον.

274 2014 315 2094 μὴ
339 2014 378 2077 σύ
400 2014 428 2098 γ’
451 2015 580 2095 αὐθάδης
603 2015 677 2103 γένῃ
699 2012 767 2096 μηδ’
791 2017 904 2094 ἰταμός·
939 2013 958 2095 ἧ
981 2017 1101 2082 πολλὰς
1124 2015 1192 2097 ἐγώ,

276 2169 341 2235 νέος
366 2166 409 2234 ὅτ’
431 2170 458 2251 ῄ,
483 2169 594 2250 ξύνοιδ’
617 2171 731 2255 ἐμαυτῷ
749 2170 890 2252 μείρακος
914 2166 1060 2254 θεωμένῳ·

277 2323 314 2404 ῄν
336 2328 369 2389 δὲ
392 2323 568 2406 Σωκράτους
589 2322 733 2406 μαθητής,
756 2323 790 2392 δς
811 2321 936 2411 παρῄνει
958 2348 1010 2404 μοι
1032 2321 1112 2399 τάδε,

275 2477 316 2559 μῄ
339 2504 368 2542 τι
390 2485 444 2546 τοῦ
467 2479 601 2544 πλούτου
622 2479 713 2564 χάριν
735 2483 872 2560 γυναῖκα,
896 2477 1048 2542 πλουσίαν
1071 2475 1097 2541 δ’
1118 2475 1204 2560 ἄγου.

278 2634 360 2696 ταῦτ’
383 2635 443 2717 ἐγὼ
466 2631 603 2702 πεισθεὶς
625 2635 707 2700 ὅπως
730 2635 877 2717 ἐπέτυχον
899 2629 918 2721 ῄ
941 2630 1052 2711 ξύνειμ’
1076 2631 1121 2695 ἔτι

275 2785 378 2875 γῄδιον
401 2785 451 2852 καὶ
474 2792 551 2869 βοῦς
575 2787 688 2876 ἐχούσῃ
711 2790 764 2852 καί
784 2814 813 2853 τι
835 2790 964 2871 χρυσίου
985 2812 1021 2871 γε
1044 2785 1127 2869 πρός,

277 2945 340 3007 πῶς
363 2941 429 3024 ἔχοι
452 2940 583 3008 κάλλους
607 2939 673 3022 ἐμοὶ
694 2945 752 3023 μὲν
774 2941 868 3006 οὐκέτ’
893 2940 991 3028 εἰσῄει
1015 2943 1150 3015 σκοπεῖν,

279 3102 457 3177 καταφιλῶν
480 3093 506 3159 δ’
530 3096 652 3178 ἔχαιρον
675 3097 714 3163 ὣς
736 3095 774 3160 δν
795 3099 871 3179 μηδὲ
891 3100 947 3178 γρΰ
970 3093 1163 3174 κεκτημένην,

278 3249 347 3314 ἀλλ’
369 3249 446 3334 ἐρᾷς·
474 3249 545 3314 ἁλλ’
563 3249 659 3328 ἔστιν,
675 3247 699 3315 ίο
713 3249 788 3331 μέλ’,
804 3249 866 3331 άμα
887 3251 975 3333 κόρης
996 3246 1046 3314 καὶ
1065 3248 1236 3332 χρημάτων,

278 3401 327 3469 καὶ
350 3406 451 3469 δικαία
473 3403 509 3484 δὴ
534 3401 672 3487 ξυνᾴδειν
692 3402 711 3482 ἡ
735 3401 810 3486 γυυῄ
833 3401 861 3467 θ’
884 3403 904 3483 ἤ
925 3400 953 3466 τ’
974 3403 1082 3472 οὐσία.

278 3559 344 3624 οἴδα
367 3564 440 3643 γοῦν
463 3559 560 3643 ἔγωγε
583 3558 724 3640 τερφθεὶς
747 3558 783 3639 νὴ
807 3559 859 3622 Δί’
881 3558 1046 3642 ἐπίκληρον
1067 3558 1176 3639 λαβὼν

280 3714 366 3778 οὐδὲν
387 3713 480 3794 ἦττον
504 3715 587 3778 ἆλλδ
608 3718 730 3793 μᾶλλον
752 3719 815 3781 πῶς
837 3719 935 3781 δοκεῖς
956 3711 1023 3777 ποτ’
1047 3712 1177 3778 είκύτως.
