3070 4490
626 398 842 449 OXONIENSIS
1180 405 1233 468 151

277 562 329 621 νῦν
351 555 384 626 δέ
406 556 435 621 σ’
458 556 477 637 ή
503 554 599 640 μήτηρ
623 557 743 636 ἐκείνην
764 564 866 640 μῶρον
885 560 959 624 ὄντα
981 557 1037 638 τὴν
1059 558 1149 641 κόρην

277 700 356 786 φησὶ
378 704 551 784 βούλεσθαι
572 708 681 786 γαμεῖν
703 703 759 784 τὴν
781 703 921 788 εὐγενοῦς
943 706 1033 783 δῆθεν
1054 705 1174 786 πατρός,

275 849 436 933 χρημάτων
458 850 484 915 δ’
508 850 699 931 ἀμνημονεῖν,
721 851 767 918 οῖς
787 849 885 915 πάντα
907 876 970 918 πως
991 849 1064 930 ήμῖν
1085 851 1130 916 ένι

277 996 370 1074 ζῶσιν
392 997 583 1062 θποθανοῦσί
602 996 637 1073 τ’,
660 995 751 1074 οἶμαι·
783 994 911 1078 καὶγὰρ
933 995 1023 1076 ἁρετὴ
1045 994 1135 1079 πθρα.

276 1146 339 1207 πῶς
360 1139 418 1224 γὰρ
440 1140 477 1206 ἂν
501 1140 627 1206 κλέπτοι
649 1167 694 1208 τις
716 1137 735 1220 ἢ
757 1140 958 1225 τοιχωρυχοίη
981 1140 1137 1216 πλούσιος,

274 1291 404 1371 χλαῖναν
426 1287 679 1370 ἀναβεβλημένος
703 1283 752 1351 καὶ
774 1287 838 1368 τρὶς
860 1287 969 1370 φαγὼν
989 1289 1043 1366 τῆς
1065 1286 1178 1371 ἡμέρας
1190 1314 1202 1364 ,·

275 1433 356 1499 ταῦθ’
380 1433 581 1516 ἂμαρτόνουσ’
605 1433 743 1499 ἑκάστοθ’
766 1435 946 1517 ἀποροῦντες
968 1433 1115 1516 ἆλφύτων,

274 1579 344 1646 τοὺς
365 1577 398 1642 δέ
418 1604 464 1643 τοι
487 1577 615 1658 πένητας
636 1577 699 1644 ἴσθ’
723 1578 763 1646 ὣς
785 1575 847 1644 εἰσὶ
870 1577 1040 1660 σύμπαντες
1062 1581 1154 1644 κακοί

274 1727 366 1808 ἀργὸς
387 1724 406 1804 ή
431 1725 524 1806 φύσις
547 1727 605 1807 γὰρ
627 1724 726 1791 αὐτοῖς
746 1721 765 1803 ἢ
789 1723 922 1806 πατρόσι
943 1729 978 1790 τὸ
1000 1724 1119 1808 πρόσθ’,
1143 1723 1208 1790 ἐπεὶ

274 1871 397 1951 κτιόμεθ
421 1870 574 1950 ἅνθρωποι
596 1873 635 1934 τᾶ
654 1867 782 1954 χρήματ’
803 1871 855 1935 οὐκ
877 1868 950 1936 ἄνευ
971 1876 1091 1936 πολλοῦ
1113 1870 1215 1936 πόνου.

273 2017 338 2099 εἶχε
358 2021 433 2098 γοΰν
453 2011 552 2097 πατήρ
574 2013 643 2079 ποθ’
666 2015 757 2094 οὑμὸς
778 2012 866 2080 οὐδὲν
886 2011 906 2094 ἢ
928 2015 1021 2080 ’δόκει
1040 2014 1070 2097 γ’
1093 2016 1185 2100 ἔχειν,
1285 2065 1287 2069 ψ

272 2167 422 2227 διαπονῶν
444 2163 476 2225 δέ
500 2157 549 2225 καὶ
570 2166 723 2244 μεριμνῶν
745 2159 778 2225 εὖ
799 2159 967 2240 ’τελεύτησ’
990 2161 1047 2226 οἶδ’
1070 2163 1126 2226 ότι·

271 2308 326 2388 τὴν
347 2309 403 2389 μέν
424 2306 523 2371 οῖκόαν
545 2307 670 2382 ἐκεῖνος,
693 2305 746 2371 εἶτ’
769 2307 828 2390 ἐγὼ
851 2305 1056 2388 ’πεκτησόμην

271 2460 324 2519 τὸν
345 2451 467 2534 μνλῶν’,
490 2452 578 2520 αὐτὸς
601 2451 626 2516 δ’
650 2453 762 2535 ἑπόψει
785 2452 815 2533 μ’
839 2452 923 2520 αὖθις
947 2451 1156 2534 ἐξικνούμενον

271 2602 360 2682 οὗπερ
384 2601 469 2666 ἔστιν
490 2598 508 2679 ἡ
531 2597 651 2683 γέφυρα
673 2598 722 2663 καὶ
742 2597 814 2678 μόλ’
837 2599 924 2682 ἔγγὺς
946 2603 999 2663 τοῦ
1021 2598 1130 2680 λόφου.

271 2749 298 2810 εῖ
319 2747 375 2827 μὲν
397 2745 449 2810 οὖν
471 2744 570 2829 γάμον
592 2750 698 2827 γαμεῖς
721 2744 775 2810 τιν’
798 2747 921 2830 ἀγαθόν·
947 2749 973 2810 εἰ
996 2746 1030 2810 δέ
1050 2743 1101 2826 μή,
1121 2746 1228 2812 Κόνων

270 2891 349 2972 τθρᾶ
371 2888 482 2972 λήψετ’
506 2891 721 2978 θποθανόντος·
749 2890 804 2970 τὴν
826 2890 900 2972 ἐμὴν
920 2892 1042 2974 γνώμην
1065 2891 1155 2972 έχεις.

1117 3033 1191 3069 lm.
