3070 4490
619 407 835 456 OXONIENSIS

677 667 767 708 XLVII

222 770 292 830 Nox
313 771 377 830 ruit
397 770 516 832 interea
537 775 569 832 et
589 773 651 834 late
672 772 740 833 looa
759 776 849 834 vasta
869 773 1006 833 tenebris

222 872 357 947 oooupat,
382 873 576 948 arrectasque
597 871 685 945 acies,
709 871 855 948 solosque
873 871 999 933 relictos

221 967 364 1027 ductores
374 989 383 1042 3
412 968 595 1047 gelidusque
616 968 713 1029 simul
732 970 907 1030 submissus
928 969 968 1030 ab
989 971 1057 1032 Oxo

220 1065 246 1124 it
267 1085 339 1125 oum
359 1068 450 1126 noote
469 1087 577 1144 vapor.
619 1088 700 1143 mox,
725 1070 814 1129 ooetu
835 1071 872 1128 ut
891 1087 981 1145 saepe
1001 1068 1111 1144 soluto,

220 1183 383 1224 murmura
402 1165 528 1226 misceri
548 1167 682 1243 baetim,
707 1167 881 1244 nebulaque
901 1167 1016 1227 micare

221 1262 388 1341 interrupti
406 1263 514 1342 ignes3
543 1267 661 1326 etenim
683 1285 768 1326 nuno
788 1285 901 1342 agmen
921 1267 1091 1343 utrumque

220 1364 319 1421 eastra
338 1365 459 1439 petunt,
483 1363 655 1442 positisque
677 1367 790 1442 parant
810 1385 843 1425 ae
864 1364 1022 1443 aeoingere
1043 1365 1177 1425 mensis:

221 1459 346 1520 Persioa
365 1462 517 1537 porrectis
536 1463 635 1541 pubes
655 1464 801 1541 epulatur
821 1462 949 1524 harenis

220 1578 276 1617 axe
296 1558 355 1618 sub
375 1559 538 1633 Austrino,
562 1563 617 1622 aed
637 1561 699 1622 rivi
718 1562 753 1620 in
773 1562 915 1639 margine
936 1561 1066 1622 Parthi:

108 1665 111 1670 '
220 1659 251 1715 et
272 1657 358 1717 solus
377 1658 503 1734 genitor
523 1660 590 1719 nati
611 1681 684 1720 oum
704 1660 814 1720 funere
835 1663 941 1721 restat.

259 1757 315 1830 At,
336 1757 431 1816 tacito
452 1758 680 1836 strepitumque
700 1759 868 1819 hominum
889 1759 1049 1837 nubesque
1069 1760 1199 1820 iacentis

219 1855 350 1914 flumine
371 1875 563 1932 percurrens,
588 1878 662 1918 mox
683 1877 751 1918 sese
771 1857 806 1916 in
827 1861 934 1934 aperta
955 1858 1097 1919 locorum

219 1953 319 2013 laetus
340 1955 412 2031 agit,
436 1954 513 2015 Iove
534 1957 593 2016 sub
613 1955 725 2032 gelido,
750 1975 804 2015 rex
825 1957 911 2016 Oxus
931 1976 1092 2033 aquarum.

219 2051 360 2128 clamque
381 2053 535 2130 solivagae
556 2055 723 2130 splendens
744 2056 783 2114 ad
804 2054 927 2114 lumina
946 2054 1040 2115 lunae

218 2149 318 2209 fertur
337 2150 534 2227 Hyperborei
553 2172 609 2229 per
628 2157 718 2212 vasta
737 2153 863 2213 silentia
883 2153 992 2230 campi

218 2247 272 2306 ille
294 2247 420 2325 quidem
441 2251 558 2311 Arotoo
578 2252 711 2311 tendens
731 2252 791 2312 iter
811 2251 923 2311 obvius
943 2255 1028 2311 astro

219 2365 292 2405 rura
311 2366 367 2423 per
387 2348 543 2424 Orguniae
566 2349 653 2427 larga
673 2349 851 2409 devolvitur
871 2350 963 2425 unda,

217 2445 331 2520 plenus
352 2446 463 2520 adhue,
488 2467 589 2524 neque
609 2448 697 2508 enim
717 2468 845 2508 cursum
866 2468 954 2508 mora
974 2449 1077 2508 tardat
1097 2449 1193 2508 eunti.

217 2546 288 2602 tum
308 2563 380 2604 vero
401 2544 557 2622 incipiunt
577 2547 666 2608 alveo
687 2567 880 2608 eonoresoere
901 2548 1042 2621 harenae,

218 2640 406 2718 dividuoque
426 2644 552 2704 obstant
572 2646 701 2706 adversa
721 2646 804 2707 mole
824 2648 952 2708 fluento.

217 2739 261 2798 sio
281 2760 337 2816 per
357 2740 417 2800 iter
436 2741 568 2819 longum
588 2743 653 2803 iam
674 2745 786 2806 debilis
806 2746 903 2822 inque
922 2745 1047 2823 peditus

216 2857 272 2914 per
290 2839 370 2898 vada
389 2839 503 2900 limosa
523 2844 555 2900 et
576 2842 677 2903 iunois
697 2847 730 2903 et
751 2845 928 2904 harundine
949 2844 1044 2903 densa

217 2935 317 2995 obsita
337 2937 419 3013 repit
440 2937 734 3016 iners,-quantum
753 2944 895 3001 mutatus
916 2941 955 3001 ab
975 2941 1033 3000 illo

217 3035 272 3112 qui
291 3056 392 3112 nuper
412 3037 522 3113 patriis
542 3038 660 3100 missus
681 3041 719 3100 de
740 3041 901 3101 montibus
922 3042 1008 3101 Oxus

216 3133 348 3194 lucentis
369 3136 499 3213 urgebat
520 3139 634 3214 aquas!
676 3158 761 3198 nuno
781 3139 890 3199 devius
911 3158 996 3198 error

216 3230 305 3302 ludit,
329 3233 418 3294 mille
438 3234 506 3294 vias
526 3234 644 3295 frustra
664 3236 742 3296 dum
763 3239 897 3314 temptat
917 3236 1022 3298 eundi.

256 3331 329 3391 Mox
350 3335 457 3392 tamen
477 3335 583 3410 optato
604 3332 706 3412 pelagi
727 3354 799 3393 oum
819 3354 990 3410 murmure,
1014 3334 1139 3412 fulgens

215 3427 377 3488 stellarum
398 3429 501 3505 radiis,
525 3431 632 3490 stellas
652 3432 746 3492 modo
766 3432 885 3493 laverat
905 3433 998 3507 unde,

216 3544 256 3584 en
276 3527 415 3603 quaesita
435 3529 556 3604 domus,
578 3530 701 3606 requies
722 3550 758 3590 ea
778 3534 861 3591 oerta
880 3531 1032 3607 laborum,

216 3627 368 3703 metaque,
392 3627 600 3705 tranquillum
620 3628 711 3706 ponti
730 3631 817 3707 patet
837 3650 952 3708 aequor
971 3629 1086 3691 Aralis

1095 3740 1114 3774 J.
1127 3739 1152 3773 Y.
1165 3740 1185 3776 Β.

297 3926 328 3985 6*
