3094 4494
645 400 859 450 OXONIENSIS

721 618 776 658 XLI

291 714 324 771 Β.
370 709 458 775 ἀπτει
479 717 513 776 τό
535 717 603 794 πῦρ.

290 819 322 878 Γ.

627 815 716 897 τύφει
738 814 764 880 δ’
786 817 964 900 ἀνηφαίστῳ
985 815 1077 895 μένει.

377 919 411 983 οὗ
433 917 559 984 παύσετ’
581 919 665 986 εὐθὺς
688 922 741 986 τάς
763 918 962 1003 βαρυφύχους
984 919 1079 994 λιτάς,

377 1020 493 1103 θρήνων
515 1020 541 1087 τ’
562 1024 705 1106 ὀδυρμοὺς
729 1021 777 1087 καὶ
800 1023 985 1106 γυναικείους
1006 1024 1119 1104 γόους;

377 1124 489 1210 θράσος
511 1133 649 1208 φιλοῦσι,
672 1127 786 1211 πύργον
808 1129 951 1208 ἀνδρείας,
974 1128 1047 1201 θεοί,

377 1227 425 1294 καὶ
448 1231 517 1298 τοὺς
541 1230 805 1311 κατασκήπτοντας
827 1233 860 1295 ἐκ
884 1231 997 1313 θρόνων
1019 1235 1128 1306 λιταῖς,

377 1332 488 1415 δάκρυα
509 1335 535 1399 δ’
557 1335 673 1416 ἀμαυρὰ
695 1333 744 1399 καὶ
767 1341 886 1418 φρενῶν
908 1335 1045 1414 ἀθυμίαν,

378 1437 469 1502 ὠδῖνα
490 1439 603 1518 δισσὴν
624 1441 748 1506 ἐλπίδος
770 1443 872 1518 κακῆς,
894 1439 980 1520 έδρας

378 1541 489 1619 σεμνὰς
511 1548 647 1624 γελῶσιν
668 1542 790 1624 ἡσύχως
815 1539 984 1620 καθήμενοι.

377 1644 424 1707 καὶ
444 1645 504 1724 μὴν
527 1646 617 1728 ἔγωγ’
639 1643 757 1709 ἀκούεθ’
779 1643 819 1711 ῶς
841 1643 947 1710 αὐτοὺς
972 1652 1064 1710 καλῶ.

374 1746 464 1830 Ἀρες
486 1747 637 1828 κράτιστε,
659 1753 712 1815 τὰς
734 1748 792 1832 γὰρ
813 1748 898 1828 ἡνίας
922 1749 1003 1831 ἔχεις

378 1851 520 1931 πολέμων
542 1879 575 1918 τε
596 1852 720 1935 μάργων
744 1853 792 1915 καὶ
814 1854 1010 1916 πολυπλόκου
1031 1851 1142 1934 μάχης,

377 1961 494 2034 σεμνῶς
516 1955 554 2021 δι’
578 1961 677 2021 ἑλκῶν
698 1958 747 2021 καὶ
769 1964 882 2034 νεκρῶν
904 1958 1045 2038 ἐρειπίων

379 2056 491 2124 κελαίν’
513 2060 649 2124 ἑλίσσων
671 2059 786 2141 ἅρματ’,
809 2059 953 2142 εὔτροχον
974 2059 1052 2136 δέος,

363 2159 426 2226 ,καὶ
448 2169 627 2230 ναυστολεῖς
651 2163 813 2228 θάλασσαν
836 2165 1061 2244 αἶματόρρυτον,

377 2263 400 2328 ῶ
422 2267 492 2348 λῆμ’
514 2268 654 2344 ἀσαντον,
677 2265 701 2331 ῶ
724 2264 910 2348 σιδήροφρον
933 2265 1011 2346 κέαρ,

377 2370 506 2452 ἀγαθοὺς
527 2372 673 2454 γενέσθαι
696 2372 836 2453 κάγαθῶν
859 2371 975 2454 ἐχθρῶν
996 2376 1108 2454 τυχεῖν,

379 2473 500 2556 πληγάς
521 2499 554 2538 τε
577 2479 680 2538 δοῦναι
705 2475 753 2537 καὶ
775 2477 887 2552 λαβεῖν
911 2472 1090 2554 ἐρρωμένως,

380 2574 428 2640 καὶ
449 2577 590 2659 τραύμαθ’
613 2580 662 2642 οἶα
683 2578 724 2657 μὴ
747 2581 846 2659 φυγῆς
869 2578 1029 2642 ἐπίσκοπα·

379 2681 493 2761 ἀμφοῖν
515 2685 548 2747 δέ
572 2681 666 2761 θυμδν
687 2687 738 2748 δὸς
760 2685 903 2761 στρατοῖν
926 2685 1101 2764 περισκελῆ,

378 2790 438 2847 τῶν
460 2790 524 2848 σῶν
547 2782 586 2849 ἵν’
609 2784 800 2868 αἰχμόζωμεν
822 2782 882 2863 ἄξι’
904 2785 1053 2864 ἀμμάτων·
1149 2787 1164 2910 l

381 2889 397 2949 ό
418 2890 473 2966 μὲν
495 2886 640 2968 πολέμιος
662 2887 869 2968 ἠμφιεσμένος
892 2887 997 2969 κράτος

380 2989 489 3068 στήτω·
521 2965 949 3072 Βρεταννοὶδῗ-ωῖς-φῖλεῖς,
971 2995 1062 3070 βαιὸς
1083 2993 1171 3070 λεός,

378 3092 473 3176 τύχην
494 3092 519 3157 δ’
543 3096 647 3174 ὅμοιος
670 3091 718 3160 καὶ
740 3094 880 3176 φρόνημα
903 3095 952 3158 καὶ
976 3093 1096 3177 θράσος,

379 3197 515 3276 ἔλθωμεν
537 3200 580 3264 εἰς
602 3199 714 3280 ἀγῶνα·
746 3197 839 3262 ταῶτό
862 3224 899 3262 σε
922 3202 1049 3263 σκοπεῖν

379 3299 498 3380 τρέπει,
520 3307 642 3384 βραβεῶ
662 3301 810 3385 γοργωπέ,
834 3303 968 3367 κάντίδος
992 3302 1080 3368 κλέος

379 3408 441 3470 τοῖς
463 3410 516 3469 νῦν
539 3404 748 3488 ἀριστεύουσιν
771 3407 804 3469 ἐν
824 3404 909 3492 μάχη
931 3405 1025 3488 δορός,

379 3513 433 3572 τὸν
455 3505 481 3572 δ’
502 3508 539 3572 αὖ
561 3509 652 3594 φόβῳ
675 3509 828 3591 φεύγοντα
850 3515 964 3592 γυμνὸν
985 3511 1114 3575 ἀσπίδος

381 3611 503 3690 κάτιμον
526 3613 731 3692 ἀνθρώποισιν
755 3611 852 3678 είσαεὶ
875 3613 961 3678 τίθει.

1114 3729 1148 3765 W.
1161 3729 1185 3764 R.
1200 3727 1219 3763 12
