3070 4490
626 388 843 437 OXONlENSIS

693 567 770 608 nm

362 653 408 714 Οὐ
431 657 490 719 πᾶς
512 655 626 719 δίκαιός
650 654 713 718 ἐσθ’
737 657 753 717 ὁ
775 655 816 735 μὴ
841 653 941 720 ’δικῶν
964 654 1038 729 τινά,

360 755 430 818 ἀλλ’
453 757 547 835 ὅστις,
572 755 641 836 ἐξὸν
664 761 737 839 δρᾶν
761 766 868 836 κακῶς,
891 759 931 838 μὴ
955 759 1102 838 βούλεται

357 864 463 924 τοῦτον
485 861 601 925 δίκαιον
624 861 733 928 ἔννεπ’.
780 861 833 924 ούκ
856 859 995 947 ἐπῄνεσα

361 965 431 1027 ὅσοι
454 964 674 1042 καπηλεύοντες
698 965 861 1046 ἀπέχονται
886 968 1011 1044 κλοπῆς,

361 1066 432 1129 ἀλλ’
455 1069 481 1130 εὶ
505 1067 620 1145 κλοπήν
643 1093 688 1134 τις
709 1073 843 1151 χρηστὸς
866 1067 907 1132 ὢν
930 1068 1119 1150 ἀπεστράφη,

361 1169 404 1234 ὅτ’
427 1172 542 1254 αἰσχρὰ
565 1175 749 1252 κερδαίνοντι
771 1171 933 1236 λανθάνειν
955 1176 1064 1253 παρῆν.

360 1276 432 1338 αἰνῶ
455 1278 488 1338 δὲ
512 1279 611 1339 κεῖνον
632 1277 718 1342 ὅστις
739 1274 785 1356 ἄν,
808 1276 999 1343 καταπτύσας

360 1377 494 1457 πλήθους
517 1381 542 1440 τ’
565 1379 707 1461 ἀμούσου,
729 1381 879 1461 δημόθρου
899 1380 925 1444 τ’
948 1380 1104 1460 ἀβουλίας,

359 1483 447 1549 αὐτὸς
469 1483 538 1563 παρ’
560 1486 638 1568 αύτῷ
661 1485 717 1564 τὴν
740 1487 840 1566 κρίσιν
863 1486 1051 1566 ποιούμενος,

360 1586 436 1652 εἶναι
459 1588 570 1652 δίκαιος
592 1591 714 1666 μᾶλλον
736 1585 754 1667 ἢ
778 1593 877 1653 δοκεῖν
901 1588 984 1675 θέλῃ.

1110 1707 1130 1741 J.
1145 1705 1169 1740 Y.
1180 1706 1199 1740 S.

686 1844 776 1885 nxvn

351 1932 421 1991 Iam
444 1933 506 1992 lata
527 1933 614 1992 sedes
637 1932 751 1991 deserit
772 1932 901 1991 ultimas

350 2029 413 2101 nix,
436 2033 470 2090 et
489 2029 621 2090 virentis
641 2030 747 2089 vivida
768 2030 927 2106 pullulant

391 2128 519 2187 arbusta
539 2148 596 2203 per
616 2128 737 2202 sulcos3
770 2128 828 2187 sub
850 2129 936 2187 ornis

430 2226 494 2286 iam
516 2227 643 2286 latitant
662 2227 764 2286 violae
786 2228 942 2287 rubentes.

350 2325 455 2384 crebra
474 2326 640 2385 volucrum
661 2345 735 2385 voce
757 2329 848 2386 sonat
869 2345 980 2385 nemus

347 2423 503 2500 vest'tque
526 2425 617 2501 longe
639 2427 729 2501 prata
749 2444 856 2484 recens
877 2426 970 2500 color,

391 2522 545 2598 sudasque
565 2542 735 2582 vanescens
756 2523 791 2582 in
812 2543 903 2582 auras

431 2621 562 2699 pignora
583 2621 649 2681 sols
670 2622 720 2680 sui
740 2621 889 2697 mlinquit

349 2719 459 2779 alauda
480 2721 606 2779 cantus:
638 2739 722 2778 nunc
742 2740 798 2795 per
819 2739 910 2796 agros
932 2718 1040 2778 tremit

349 2817 496 2893 lucosque
517 2818 634 2891 lumen,
658 2817 794 2877 vallibus
815 2819 846 2876 et
866 2837 960 2893 pecus

390 2915 535 2975 albescit:
563 2915 714 2991 effulgent
734 2935 791 2990 per
811 2915 913 2974 amnis

428 3033 483 3088 per
503 3033 589 3072 mare
610 3012 789 3072 candidiora
809 3012 886 3072 vela.

348 3129 474 3186 mergus
496 3129 623 3169 canores
644 3129 729 3169 nunc
750 3109 885 3186 liquidos
906 3111 964 3169 ciet

347 3211 380 3267 et
401 3208 509 3284 glauca
530 3209 612 3267 saltu
634 3208 748 3267 dividit
768 3229 910 3284 aequora,

389 3307 571 3382 caelumque
592 3309 752 3365 mutantes
773 3326 912 3366 amorem

430 3405 492 3463 iam
513 3405 657 3464 volucres
678 3407 884 3481 repetuntque
905 3407 1012 3465 nidos:

346 3503 460 3562 vivunt
480 3504 653 3579 vagantur:
684 3521 742 3562 nos
764 3523 886 3579 quoque
906 3505 1041 3581 percutit

347 3620 430 3661 nunc
450 3622 566 3661 vernus
588 3600 686 3675 ardor,
711 3602 796 3661 floris
817 3605 849 3661 ct
869 3604 1012 3662 aemulus

389 3700 509 3775 Aprilis
530 3700 564 3758 in
586 3700 703 3759 nostris
723 3700 851 3759 virescit

428 3796 605 3872 pectoribus
626 3797 791 3856 renovatus
812 3816 916 3873 angor.
