3070 4490
610 367 826 416 OXONIENSIS

689 951 752 993 xcv

349 1048 439 1126 Κείνη
462 1049 493 1112 δὲ
515 1052 670 1128 τρομεροῖς
694 1045 801 1128 ὄμματ’
824 1048 958 1128 ὄμμασιν
980 1046 1048 1110 τότε

346 1152 508 1232 βλέπουσα
529 1150 662 1231 τάνδρός,
684 1151 781 1234 πρᾷον
803 1149 843 1217 ὥς
865 1146 987 1232 παρόνθ’
1010 1149 1075 1233 ὁρᾷ,

346 1253 513 1336 ὑπέφαινεν
533 1252 589 1333 ἥδη
613 1251 725 1336 θάρσος
748 1255 781 1318 έκ
804 1256 907 1335 φόβου
928 1251 1030 1328 πάλιν,

347 1360 433 1444 φωνῇ
457 1356 483 1422 δ’
507 1357 598 1441 ἀραιᾷ
617 1356 722 1440 ῥήματ’
747 1356 854 1442 ἐξουδζι
877 1357 958 1421 τάδε·

392 1463 418 1526 εἰ
441 1459 476 1539 δή
498 1441 546 1539 σύ,
569 1458 686 1536 θάνατε,
708 1463 745 1548 τῇ
766 1464 844 1527 θεῶν
865 1462 968 1545 πομπῇ
991 1458 1080 1542 πάρει

348 1566 380 1629 έκ
403 1567 457 1642 τῆς
479 1563 640 1645 θαλάσσης
663 1567 742 1645 τάμδ
764 1565 966 1630 κατοποόσων
988 1559 1072 1637 κακά,

348 1667 482 1749 ὁθούνεχ’
505 1666 588 1746 ἥκεις
610 1673 785 1746 τηλικοῦτος
808 1666 850 1734 ῖυν
873 1670 956 1745 ἰδεῖν,

348 1770 479 1857 έπῄνεσ’,
501 1768 520 1849 ἦ
542 1775 699 1852 ταρβοῦσα
720 1775 841 1852 μᾶλλον
862 1771 959 1858 ᾠόμην

348 1877 446 1938 δεινοῦ
468 1897 497 1937 τι
520 1871 686 1937 δυσθέατον
708 1877 833 1955 ἑρπετοῦ
856 1874 966 1955 στύγος

348 1977 518 2057 ἐφερπύσαι
540 1975 571 2055 μ’
593 1974 641 2052 ἄν,
664 1973 682 2056 ἢ
704 1978 876 2060 ποροκτίων
899 1979 958 2042 άπὸ

347 2080 481 2161 ψάμμαν
504 2079 642 2155 άνελθόν,
665 2077 683 2158 ἢ
706 2079 733 2143 ’κ
756 2089 874 2162 πετρῶν
898 2086 1073 2161 κατηρεφῶν

348 2183 475 2263 σπείρας
499 2185 642 2262 καθεῖναι,
664 2180 713 2246 καὶ
735 2185 835 2263 βάδην
857 2183 1014 2266 εῖλιγμένα

348 2287 485 2350 αὐτοῖσιν
508 2285 611 2352 όστοῖς
633 2285 730 2368 άρθρα
752 2292 916 2368 συντρῖψαι
938 2285 1016 2351 τάδε.

350 2388 389 2452 σὺ
411 2388 437 2452 δ’
460 2387 513 2452 οῦν
536 2389 697 2469 πρόσελθε,
721 2387 849 2473 καὶγὰρ
871 2389 1015 2472 εὐτρεπὴς
1037 2390 1095 2470 ἐγὼ

348 2491 454 2574 ψυχὴν
473 2494 620 2572 μεθεῖναι,
640 2492 709 2573 μηδ’
731 2493 772 2558 ἔτ’
796 2495 918 2574 εῖσορᾶν
940 2491 1029 2573 φάος.

349 2596 398 2660 καὶ
419 2594 478 2676 μὴν
501 2596 624 2677 πρέπεις
648 2594 706 2678 γὰρ
729 2601 857 2678 φαιδρὸς
880 2596 919 2663 ὥς
942 2595 992 2660 ἀπ’
1015 2596 1155 2676 ὀμμάτων

347 2702 419 2763 θεὸν
442 2697 596 2778 κικλήσκω
619 2699 657 2775 α’,
681 2698 803 2779 εὐμενὴς
826 2697 852 2764 δ’
873 2701 943 2779 ἡμῖν
963 2703 1062 2782 γενοῦ.

347 2801 393 2884 ἆρ’
415 2801 467 2865 οῦν
487 2807 584 2886 μυχοῦ
606 2801 723 2884 τύχοιμ’
745 2801 782 2868 δν
805 2804 933 2866 ἑκτόπου
954 2803 1044 2876 τινός,

347 2907 423 2969 όπου
445 2910 480 2969 τὸ
502 2906 610 2970 λοιπδν
634 2908 831 2987 οἰοβουκόλος
852 2907 924 2987 βίον

344 3008 447 3092 άγοιμι
469 3009 571 3090 μηδέν’
594 3011 739 3092 ἀγριοῦσα
761 3011 910 3090 δαιμόνων
921 3034 932 3082 ;

348 3111 366 3191 ἢ
389 3113 437 3176 καὶ
460 3111 525 3177 θεοὶ
545 3115 705 3196 χαίρουσιν
727 3115 759 3177 ἓν
780 3119 901 3194 βροτῶν
923 3116 1030 3187 κακοῖς,

347 3221 448 3299 γελῶν
469 3219 501 3280 δέ
524 3213 571 3280 καὶ
595 3217 634 3281 σὺ
656 3219 692 3302 τῇ
717 3216 882 3302 θανουμένη
904 3213 1015 3298 πάρει,·

1092 3333 1113 3367 J·
1126 3332 1153 3367 Y.
1164 3331 1184 3365 S·
