3072 4490
628 343 842 392 OXONIENSIS

683 947 767 988 cxxx

233 1046 268 1103 K.
300 1042 392 1108 Γόους
416 1043 450 1107 ἔα
473 1040 523 1106 καὶ
546 1047 643 1127 χαῖρε·
675 1041 928 1125 κεροτυπούμενος

297 1153 524 1240 ἑκατογκαράνιρ
548 1153 690 1240 κνωδάλιρ
712 1154 901 1234 μεθίσταμαι·

219 1297 224 1302 ·
296 1271 353 1331 ποῦ
376 1264 401 1331 δ’
423 1268 500 1346 ἐστί,
521 1271 623 1348 μῆτερ,
645 1267 663 1346 ἡ
687 1266 806 1349 πάροιθ’
830 1266 968 1349 εὐψυχία,

295 1376 314 1465 ᾗ
337 1379 454 1459 πρόσθε
476 1378 618 1459 βάσανον
638 1378 767 1460 τάσχατ’
790 1377 923 1457 ηθδησος
945 1384 1075 1460 φρενῶν,

295 1491 424 1574 τυχόντα
446 1490 514 1557 τοὺς
536 1491 682 1573 τυχόντας
705 1490 878 1572 ἀνθρώπους
902 1490 1016 1572 φέρειν,

296 1603 351 1666 κάν
373 1628 420 1667 τοι
442 1601 560 1690 γαλήνῃ
583 1601 681 1667 πάντα
704 1600 877 1684 πρυμνήτην
900 1605 1011 1683 σοφόν·

295 1717 321 1780 εἰ
344 1713 370 1780 δ’
392 1718 424 1779 ἐκ
447 1714 541 1796 τύχης
563 1740 609 1780 τις
632 1715 750 1794 καιρίαν
772 1711 969 1794 βεβλημένος

294 1831 416 1909 πληγὴν
438 1827 541 1891 ἔπειτα
563 1829 639 1906 μηδὲ
661 1823 709 1889 καὶ
732 1822 915 1906 τετρωμένος

293 1937 479 2022 έξηγρίιοται,
502 1943 590 2003 τοῦτο
612 1939 751 2020 γενναίας
774 1936 891 2020 τέχνης·

293 2056 427 2116 τοσαῦτα
449 2050 474 2114 δ’
497 2052 599 2129 ὕμνεις
621 2049 696 2131 πρὸς
718 2053 830 2130 φρενὸς
853 2045 1039 2112 κατάστασιν

293 2157 375 2241 ὥστ’,
398 2165 426 2226 εἰ
447 2161 538 2241 μάθοι
561 2186 615 2241 τις,
639 2167 753 2227 παντὸς
775 2159 812 2224 ἂν
836 2165 954 2240 κρατεῖν
978 2166 1078 2224 κακοῦ.

229 2280 261 2338 Γ.
289 2274 411 2354 ἦταῢτ’
433 2274 558 2351 ἀκούετ’,
582 2271 605 2336 ὦ
629 2278 706 2337 θεῶν
729 2273 852 2352 ὁμιλία;

229 2393 263 2450 Κ.
294 2385 440 2468 στέργειν,
463 2385 559 2468 γόναι,
583 2383 653 2468 χρή,
674 2386 749 2464 μηδὲ
772 2388 935 2448 λυπεῖσθαι
957 2385 1037 2448 λίαν.

189 2532 192 2540 ’
229 2502 272 2560 Μ.
300 2497 369 2561 ἀλλ’
394 2495 646 2579 έγκατασκήψασ’
668 2497 819 2560 άϊστιόσαι
842 2495 933 2561 νόσος

292 2611 368 2675 όσας
390 2635 435 2676 τις
458 2610 547 2674 άσκεῖ
569 2607 643 2672 κατὰ
665 2609 757 2673 πόλιν
780 2608 977 2691 χειρουργίας.

205 2713 209 2718 ’
229 2725 263 2782 Κ.
292 2720 360 2784 εἶεν·
392 2722 485 2802 φίλος
507 2720 564 2802 γάρ
587 2722 621 2785 οὗ
643 2721 746 2802 παρὼν
768 2717 947 2801 γενήσομαι.

292 2831 360 2895 ἀλλ’
386 2834 455 2910 είθε,
477 2834 579 2915 μῆτερ,
602 2831 682 2896 ταῦτ’
706 2831 789 2915 ἔχοις
813 2828 992 2912 φρονήματα

293 2945 342 3006 καὶ
365 2941 482 3024 πρόσθ’,
505 2942 548 3005 ὅτ’
572 2944 675 3025 έλεγες
699 2944 727 3007 εἴ
747 2943 816 3006 ποθ’
838 2939 1025 3024 Ἡρακλέους
1049 2939 1144 3023 δάμαρ

292 3054 370 3136 ἦσθ’,
394 3056 500 3136 ἀνδρὸς
525 3056 662 3119 ἐκπονεῖν
684 3053 722 3117 ἂν
743 3052 781 3132 ἓξ
800 3057 908 3131 τλῆναι
931 3053 1039 3117 πόνους

287 3167 326 3232 ἵν’
349 3167 438 3233 αὐτὸς
460 3165 562 3245 ἧσσον
587 3164 741 3244 ἀπέκαμεν
761 3168 885 3248 μοχθῶν
906 3163 1008 3229 τόσον.

1096 3282 1121 3319 ο.
1133 3281 1154 3318 s.
1166 3283 1192 3317 ς.
