3094 4494
639 383 853 435 OXONIENSIS

712 851 776 894 vm

373 944 574 1028 Ἀυτιρρόπως
597 947 707 1029 ἔχοντα
728 947 784 1010 τᾶν
806 944 912 1027 γάμοις
936 947 1004 1027 ὁρῶ,

372 1050 451 1136 ῥοπῇ
473 1049 530 1131 γὰρ
551 1047 589 1128 ἤν
611 1049 677 1114 ποτ’
699 1048 827 1128 ἐλλιπὴς
849 1049 923 1130 ἀνὴρ
946 1048 1018 1134 καρῇ

374 1156 509 1234 σταθμὸν
529 1153 589 1215 τότ’
610 1151 666 1232 ἤδη
688 1152 798 1232 μείζον’
819 1149 929 1239 ᾗρμένη
951 1151 1027 1234 γυνὴ

373 1256 456 1320 ἕλκει
478 1255 636 1321 τάλαντον.
682 1255 753 1320 ἀλλ’
774 1257 818 1321 ὅδ’
841 1255 969 1335 ἔμπεδος
990 1253 1084 1333 μένει,

374 1356 446 1423 ὥστ’
468 1361 536 1425 οῦδὲ
556 1365 677 1441 μᾶλλον
699 1363 731 1424 αἱ
752 1359 862 1442 χθονὸς
884 1360 971 1443 ῥίζαι,
993 1357 1092 1437 νόμας,

372 1461 489 1545 μνναικὶ
511 1465 629 1542 τᾶνδον,
651 1465 735 1544 ἀνδρὶ
757 1461 891 1542 τᾶξωθεν
913 1461 1030 1544 πρέπει·

373 1564 422 1630 καὶ
443 1569 483 1654 τῷ
504 1571 561 1650 μὲν
578 1564 702 1650 Ἀρεως,
725 1570 760 1654 τῇ
783 1567 807 1630 δ’
831 1566 992 1645 Ἀθηναίας
1014 1567 1111 1628 πόνοι·

373 1669 447 1751 γυνὴ
470 1674 526 1750 μὲν
550 1671 661 1748 οἶκτον,
684 1676 755 1734 νοῦν
777 1667 803 1734 δ’
823 1669 899 1752 ἀνὴρ
920 1668 1104 1733 διδάσκαλον

374 1771 457 1857 ἔχειν
479 1773 606 1856 πέφυκε·
638 1778 713 1853 θῆλυ
735 1775 895 1838 πείθεσθαι
916 1773 1014 1856 γένος,

372 1881 408 1939 τὸ
429 1873 455 1940 δ’
476 1877 565 1959 ἄρρεν
587 1878 701 1961 ἄρχειν·
733 1880 759 1942 εἰ
782 1879 815 1941 δὲ
836 1877 877 1959 μὴ
900 1875 963 1939 τάδ’
987 1873 1036 1940 ὧδ’
1061 1876 1127 1959 ἔχοι

372 1977 493 2045 πάντων
514 1984 589 2047 ἴδοις
612 1982 650 2047 ἂν
672 1981 825 2065 σύγχυσιν
845 1985 905 2044 τῦυ
928 1981 961 2043 ἓν
982 1979 1053 2062 βίῳ.

373 2083 447 2162 κακὴ
471 2084 621 2164 σύνευνος,
643 2087 716 2167 ἴσθι,
740 2086 810 2148 κούκ
833 2081 974 2171 ἐπῄνεσα,

371 2185 436 2263 ἥτις
460 2191 595 2267 καμούσης
617 2189 755 2269 μαίνεται
777 2189 881 2252 πώλου
905 2188 990 2264 δίκην

374 2288 456 2355 ἱεῖσα
477 2292 581 2374 φωνὴν
604 2291 741 2373 διάτορον
762 2295 812 2356 διὰ
835 2295 960 2374 στεγῶν,

373 2393 505 2472 πτήσσει
528 2397 552 2460 δ’
576 2396 691 2462 ἀκούων
712 2397 746 2461 ἓν
766 2396 851 2482 μυχῷ
870 2392 1036 2472 καθήμενος

372 2495 446 2579 ἀνὴρ
469 2499 620 2581 ἄνανδρος,
642 2505 701 2584 πῦρ
722 2498 772 2579 ἐφ’
797 2499 882 2584 ἑστία
904 2497 1024 2579 τρέφων

372 2599 490 2683 ἆτηρύν.
536 2602 626 2682 ἆλλύ,
649 2603 794 2685 παρθένος
817 2601 873 2686 γάρ
896 2599 960 2666 ἔστ’
982 2602 1035 2681 ἔτι,

371 2705 428 2786 χρὴ
453 2711 668 2784 πωλοδαμνεῖν,
692 2704 740 2771 καί
762 2708 819 2790 γὰρ
842 2709 981 2788 ἐγκρατεῖ
1000 2702 1068 2787 χερὶ

373 2808 614 2893 ἑπιστομισθεῖσ’
638 2813 689 2877 οῦκ
712 2812 749 2876 ἂν
772 2815 816 2880 είς
840 2810 961 2891 ὁμιλίαν

376 2915 461 2979 ἔλθοι
483 2917 510 2999 γ’
534 2916 654 2982 ἐκείνων
674 2921 732 2981 τῶν
753 2915 976 2987 καταπτύστων,
999 2913 1069 2975 ὅσαι

372 3019 544 3099 ἇτημέλητα
565 3021 620 3083 τάν
642 3018 724 3104 δόμῳ
747 3019 877 3083 νεοσσία

372 3123 463 3188 ἐῶσιν
486 3122 583 3203 ἔρρειν
606 3125 649 3188 είς
671 3123 705 3186 τὸ
728 3127 797 3203 πῦρ,
819 3123 872 3185 ἐὰν
891 3118 977 3205 τύχῃ,

359 3228 404 3290 ’ἐν
426 3223 448 3314 ᾧ
470 3226 607 3307 θύραθεν,
629 3225 731 3306 ὥσπερ
754 3226 785 3287 αἱ
810 3224 980 3300 καπηλίδες,

372 3337 474 3409 βοῶσι
496 3325 606 3409 λήρους
629 3324 676 3392 καὶ
699 3327 798 3391 δίκαια
821 3326 935 3391 κᾶδικα.

1084 3443 1104 3476 J.
1118 3443 1144 3476 Y·
1155 3442 1174 3477 Β.
