3072 4490
645 379 861 426 OXONIENSIS

724 962 783 1002 CXL

292 1057 423 1132 Quando
444 1057 511 1131 erit,
537 1078 554 1118 o
575 1057 685 1133 fontes,
710 1077 783 1117 eura
805 1057 961 1118 resolutus
982 1062 1017 1117 ut
1039 1059 1125 1118 omni

331 1157 366 1215 in
388 1156 501 1217 vestris
522 1155 641 1232 possim
662 1176 786 1216 eernere
807 1158 925 1216 memet
947 1156 1060 1232 aquis?

291 1275 310 1314 o
331 1275 386 1315 rus
405 1258 437 1314 et
458 1256 563 1328 silvae,
588 1255 779 1316 laetissimus
800 1241 903 1316 incola
923 1256 1044 1315 vestros

331 1353 455 1429 quando
476 1354 537 1413 erit
557 1357 593 1413 ut
613 1356 744 1428 teneam,
769 1354 899 1414 frondea
919 1353 1027 1426 lustra,
1053 1353 1166 1414 sinus?

290 1451 343 1511 ille
364 1452 535 1528 voluptatis
556 1452 627 1512 fons
648 1454 696 1512 est
718 1472 844 1512 merus:
875 1451 978 1512 omnis
999 1451 1033 1510 in
1054 1451 1110 1511 illo

332 1551 425 1627 eopia,
450 1551 605 1628 signantis
626 1571 720 1628 quam
742 1571 855 1611 manus
876 1550 945 1628 ipsa
965 1551 1087 1626 probat.

291 1648 433 1726 quisquis
450 1649 484 1709 in
506 1651 557 1709 his
577 1651 696 1710 fastum
715 1650 767 1710 vel
788 1649 899 1726 Campi
920 1649 1040 1725 quaerit
1062 1649 1204 1724 honores,

331 1749 494 1808 transtulit
515 1749 577 1809 hue
598 1749 668 1809 aliis
688 1748 783 1809 verba
803 1749 937 1824 petenda
958 1747 1042 1807 loeis.

289 1847 340 1905 hio
361 1847 420 1907 soli
442 1867 581 1923 sparsere
602 1848 745 1906 nocentia
766 1867 931 1906 murmura
951 1847 1045 1921 venti,

330 1946 456 2022 solaque
477 1946 644 2006 blanditias
664 1965 727 2006 vox
748 1944 907 2023 geminata
928 1948 1026 2005 sonat.

288 2045 347 2104 hoo
368 2045 480 2123 superi,
503 2045 649 2120 quotiens
669 2044 753 2104 eaelo
774 2063 929 2103 excessere
950 2043 1069 2118 relicto,

330 2146 477 2220 optamnt
498 2163 599 2203 unum
620 2163 742 2220 carpere
764 2162 887 2218 semper
907 2143 974 2202 iter.

288 2242 366 2318 quin
385 2241 487 2300 ausim
508 2241 630 2316 dixisse,
655 2263 755 2318 neque
776 2244 824 2301 est
845 2241 958 2301 dixisse
980 2241 1155 2318 profanum,

329 2340 471 2416 quisquis
492 2339 560 2399 adis
581 2360 717 2417 superos,
740 2341 798 2400 hae
820 2339 893 2400 lieet
913 2340 959 2398 ire
980 2339 1040 2399 via.

288 2458 399 2515 meque
419 2439 523 2512 velim,
548 2458 688 2515 quaeque
710 2459 773 2498 una
793 2439 875 2499 mihi
897 2438 1056 2498 carissima
1077 2438 1163 2510 vivit,

328 2556 420 2612 posse
441 2537 500 2596 sub
521 2536 580 2595 hae
600 2537 676 2596 olim
697 2537 895 2597 consenuisse
917 2537 1018 2610 domo,

288 2635 513 2710 conplexosque
534 2635 633 2696 mori:
662 2636 816 2695 comitum
836 2656 893 2711 par
913 2636 968 2695 illa
991 2637 1129 2694 catervae

329 2734 454 2809 solaque
476 2733 607 2794 desertis
627 2736 675 2793 est
696 2734 777 2794 mihi
799 2735 891 2794 turba
910 2734 995 2794 loeis.

286 2832 341 2890 illa
362 2832 441 2892 ferat
459 2833 559 2908 nobis,
582 2833 637 2892 illa
658 2833 749 2892 unica
770 2853 862 2894 eausa
882 2832 1036 2906 timorem,

328 2951 366 2990 ne
387 2933 514 3008 pateant
534 2931 659 2992 veneris
680 2931 792 3008 gaudia
813 2933 903 2990 tanta
923 2950 1017 3003 meae,

288 3049 365 3089 neve
386 3030 498 3089 cohors
519 3030 624 3089 veniat
645 3049 704 3089 nos
724 3028 857 3089 emirata
877 3028 1026 3102 virorum,

327 3128 383 3187 fiat
404 3130 436 3187 et
455 3127 489 3187 in
510 3127 613 3188 medio
634 3128 698 3187 iam
720 3127 807 3188 loeus
828 3127 915 3186 urbis
935 3145 1019 3202 agro.
