3070 4490
615 391 830 439 OXONIENSIS

694 629 754 673 CIII

354 725 448 811 Βωμῷ
466 727 522 804 μὲν
543 724 599 805 ἤδη
623 723 734 792 πάντες
757 727 790 790 έν
812 724 911 811 κύκλῳ
934 725 1025 809 πέριξ

352 829 424 915 σίγῃ
447 829 633 912 παρίσταντ’,
655 831 735 910 ὄμμα
758 829 783 893 δ’
804 828 1029 909 ἠλλοιωμένους

354 933 452 1013 σέβας
474 932 597 1017 κατέσχ’
623 934 760 1013 ἔμπαιον·
789 935 824 998 έν
845 935 878 996 δὲ
899 932 1022 1014 μητέρες

355 1039 447 1118 σιγᾶν
468 1035 582 1102 τέκνοις
605 1037 742 1115 ένευσαν,
766 1037 797 1100 αἱ
821 1039 853 1101 δὲ
876 1036 1018 1118 παρθένοι

352 1137 487 1220 ἥμειψαν
508 1140 600 1207 ἄνθος
621 1139 747 1222 χρωτός,
769 1140 808 1207 ὡς
832 1138 1032 1221 φοβούμεναι·

354 1242 398 1326 χὼ
421 1247 482 1307 τῶν
506 1243 571 1307 καθ’
592 1244 669 1322 ύλην
691 1241 782 1325 πρῶτ’
804 1242 987 1325 ἀριστεύσας
1007 1246 1109 1329 μακρῷ

353 1348 466 1413 αἰδοῖος
488 1344 584 1410 ἵστατ’
606 1346 774 1426 Ἐνδυμίων
795 1346 891 1430 ὠχρός
912 1346 937 1409 τ’
961 1349 1044 1421 ἰδεῖν,

353 1455 413 1512 τῶν
435 1447 628 1532 ξυγκυναγῶν
650 1452 743 1526 δῆλος
765 1452 799 1515 έν
819 1448 993 1533 πανηγύρει.

354 1554 450 1635 ἱερεὺς
473 1553 498 1618 δ’
522 1555 538 1615 ὁ
560 1553 697 1636 πρέσβυς
719 1556 751 1619 ἐν
772 1555 856 1639 μέσῳ
880 1556 1002 1621 σταθεὶς
1024 1554 1122 1640 κύκλῳ

353 1656 468 1740 χαίρων
490 1659 614 1739 ἑσαθρεῖ
634 1656 758 1736 πάντας,
782 1657 816 1722 ού
838 1658 883 1724 τίς
905 1656 970 1722 ἐσθ’
993 1657 1027 1724 δν
1050 1659 1092 1734 ού,

352 1761 437 1842 λέγει
460 1764 493 1826 δὲ
515 1768 627 1845 χειρῶν
648 1762 874 1826 ύπτιασθεισῶν
897 1761 978 1826 τάδε·

352 1861 375 1927 ὦ
397 1863 533 1944 Λάτμιον
553 1863 698 1947 γέννημα,
721 1865 872 1942 ποιμένων
894 1867 989 1949 χοροί,

352 1966 459 2048 μήλων
479 1969 601 2051 ἔχοντες
623 1966 734 2048 μυρίων
756 1966 956 2050 ἐπιστροφήν,

354 2071 407 2135 εἴτ’
429 2071 482 2136 οὖν
505 2070 554 2134 ἀπ’
578 2072 693 2152 ἄντρων
716 2078 775 2135 τῶν
797 2079 993 2153 πετρηρεφῶν
1015 2071 1093 2137 κάτω

353 2180 492 2254 κορυφῶν
514 2172 540 2237 τ’
562 2174 666 2255 ὀρείων
687 2173 776 2254 ἥκετ’,
799 2172 851 2238 εἴτ’
873 2173 910 2253 ἐξ
930 2174 1045 2258 ἀγκέων

353 2272 414 2338 ἔνθ’
438 2270 537 2336 οὔποτ’
562 2272 724 2336 ἐκλέλοιπε
747 2274 898 2355 συρίγγων
920 2273 1008 2353 μέλη·

355 2377 384 2438 οἱ
407 2375 434 2439 δ’
456 2378 489 2439 έκ
509 2381 645 2454 βαθειῶν
667 2376 827 2456 λειμάκων,
851 2378 927 2441 ὅπου
950 2378 1037 2444 νότος

354 2477 459 2556 κνύζας
481 2505 514 2543 τε
537 2484 614 2543 κινεῖ
634 2477 772 2563 χρυσέων
794 2478 819 2541 τ’
842 2479 1049 2561 ἀνθεσφόρους

355 2582 492 2648 καλύκων
515 2582 655 2649 ἀκάνθας·
687 2582 719 2645 οἵ
739 2608 772 2646 τε
793 2583 961 2661 βόσκοντες
984 2584 1078 2663 φίλον

353 2685 462 2765 μέλημ’
484 2683 533 2750 ἐπὶ
554 2688 675 2770 ῥηγμῖνι
697 2685 820 2752 ποντίας
842 2686 926 2763 ᾃλός,

354 2791 395 2851 ὧν
417 2789 453 2868 δὴ
477 2788 607 2874 φιλῳδοὶ
630 2790 753 2854 δόνακες
776 2789 902 2872 ἀρχαίου
923 2789 1019 2874 ψόφῳ

353 2893 505 2973 Τρίτωνος
529 2894 694 2976 ἀντηχοΰσι
716 2893 861 2970 πένθιμον
883 2891 984 2971 νόμον

353 2999 385 3060 αἱ
406 2997 431 3060 δ’
454 2997 490 3060 αύ
514 3004 649 3078 γυναῖκες
672 3003 784 3062 αἵτινες
807 2996 872 3059 καθ’
894 2996 1007 3076 ἡμέραν

354 3099 458 3182 πήρας,
482 3103 585 3166 πόνοις
607 3100 715 3181 έφόδια
737 3105 800 3166 τοῖς
823 3097 1006 3180 ὀρειβάταις,

354 3201 523 3284 πορσύνεθ”
553 3204 585 3266 αἱ
609 3202 692 3284 κόραι
714 3203 740 3264 δ’
763 3202 834 3264 ὅσαι
856 3200 884 3284 γ’
907 3199 1056 3281 ἀμήτορας

353 3305 464 3386 ἆμνοδς
486 3305 611 3386 τρέφειν
634 3303 759 3379 εἰώθατ’,
782 3307 816 3369 έν
838 3301 938 3382 κύλιξι
961 3305 994 3367 δὲ

352 3414 461 3473 λεκτὸν
483 3407 656 3490 φυλάσσειν
678 3411 717 3493 τῷ
738 3406 912 3492 φιλουμένῳ
933 3404 1011 3485 μέλι·

353 3510 467 3578 ἀκούετ’
488 3510 545 3591 ἤδη
566 3510 684 3577 πάντες·
716 3510 779 3575 ούτι
800 3507 859 3591 μὴν
882 3513 898 3572 ὁ
921 3509 991 3574 Πὰν

353 3618 395 3681 ὧν
416 3615 474 3699 χρὴ
497 3615 570 3696 πρδς
592 3614 676 3696 ἡμῶν
699 3614 850 3698 τυγχάνει,
872 3613 966 3697 μέγας
989 3614 1065 3680 θεός·
