3072 4490
636 341 853 391 OXONIENSIS

687 770 813 812 CXXXIII

367 865 429 924 Hio
450 865 591 925 clausum
612 865 729 926 eineres
749 869 859 928 tenent
879 869 1053 945 sepulchro,

367 963 433 1023 veri
454 964 606 1042 quidquid
628 965 760 1026 habetve
781 966 973 1044 formarem,

364 1060 471 1121 iunota
492 1063 690 1140 simplicitate
712 1064 892 1142 gratiarum.

365 1161 527 1237 phoenicis
546 1161 651 1239 rapuit
671 1162 779 1223 favilla
798 1164 897 1226 nidos.

365 1258 445 1318 illud
466 1260 599 1320 turturis
620 1260 746 1321 infidele
769 1281 944 1340 numquam

365 1361 473 1434 pectus
492 1362 674 1436 perpetuam
695 1360 781 1421 fovet
802 1361 946 1438 quietem.

287 1529 291 1534 Ι
365 1456 393 1515 si
412 1461 486 1534 post
505 1457 616 1518 funera
636 1479 702 1519 non
723 1463 855 1520 manent
873 1465 1010 1537 nepotes,

364 1556 555 1633 nequiquam
575 1558 699 1618 emeriti
719 1559 865 1618 feruntur
885 1563 988 1620 artus:

364 1658 437 1730 post
457 1656 589 1715 conubia
611 1657 735 1716 castitas
754 1658 910 1719 manebat.

364 1752 384 1827 i,
408 1773 519 1814 verum
541 1755 600 1814 tibi
619 1755 770 1832 gloriare:
799 1761 940 1818 nonest

366 1851 460 1912 iactet
480 1873 512 1913 se
533 1873 642 1928 venus,
667 1857 700 1913 at
720 1857 853 1914 venusta
875 1875 940 1916 non
961 1859 1027 1917 est:

362 1953 394 2010 et
415 1971 526 2011 verum
546 1954 579 2010 et
599 1971 699 2012 venus
719 1953 772 2012 hic
793 1953 890 2012 simul
910 1958 1108 2030 premuntur.

364 2069 437 2126 ergo
458 2070 573 2110 urnam
594 2051 762 2127 eelebretis,
787 2073 806 2112 o
826 2052 959 2128 venusti,

364 2166 418 2206 seu
440 2149 510 2225 quis
531 2149 614 2208 fidus
634 2170 764 2211 amans:
790 2153 822 2210 et
842 2151 993 2212 invocetis

294 2272 298 2278 ·
363 2265 418 2322 per
438 2247 573 2323 suspiria
593 2248 728 2309 mortuis
748 2249 893 2327 quietem.

675 2675 795 2717 CXXXIV

241 2769 291 2828 Sic
311 2769 363 2844 ait,
387 2772 419 2829 et
439 2770 518 2830 solio
539 2771 630 2832 divus
651 2771 790 2850 fulgente
810 2772 945 2850 resurgit

240 2888 302 2945 qua
323 2868 427 2928 Patris
448 2870 487 2928 ad
508 2870 625 2929 summi
646 2870 729 2929 latus
751 2870 884 2946 assidet;
910 2871 997 2930 huno
1018 2870 1115 2930 simul
1136 2891 1228 2932 omne

241 2966 417 3036 concilium,
440 2967 552 3044 quibus
573 2968 608 3027 in
630 2987 758 3044 superos
779 2969 932 3044 permissa
951 2970 1097 3046 potestas,

240 3065 353 3142 quique
375 3065 457 3126 datis
477 3066 598 3141 pollent
618 3066 749 3142 sceptris
769 3066 958 3142 dominoque
978 3067 1169 3142 ministrant,

240 3164 398 3223 deducunt
418 3163 495 3223 caeli
516 3164 554 3223 ad
575 3164 682 3239 limen,
705 3167 805 3224 torrae
826 3165 909 3223 unde
929 3165 1065 3226 iacentes

239 3265 396 3338 apparent,
421 3261 542 3339 lateque
562 3264 649 3339 patet
669 3266 850 3339 prospectus
871 3262 906 3322 in
927 3283 1004 3323 oras.

239 3361 299 3419 huo
320 3381 419 3437 prono
440 3363 581 3420 actutum
602 3361 762 3421 deseendit
781 3361 907 3421 tramite
928 3382 1047 3423 numen

238 3459 415 3536 indicioque
436 3460 584 3519 horarum
605 3461 637 3519 et
659 3459 809 3536 temporis
830 3460 915 3520 ooius
936 3462 1014 3520 aotu.

238 3557 384 3617 occiduus
404 3558 507 3618 medio
528 3559 576 3618 sol
596 3558 702 3635 lapsus
723 3559 762 3618 ab
783 3559 855 3619 orbe
877 3560 1012 3635 cadebat,

238 3657 465 3735 surgebantque
486 3658 570 3718 leves
591 3677 682 3717 aurae
705 3677 782 3734 quae
803 3660 943 3735 tempore
963 3658 1048 3717 iusso

238 3756 412 3815 mulcerent
432 3759 558 3832 terram,
582 3759 614 3816 et
635 3757 766 3816 ducebat
786 3757 902 3834 frigora
921 3776 1040 3832 vesper,

319 3852 363 3910 14*
