3072 4490
634 374 849 420 OXONlENSlS

699 650 775 706 ¹omn

324 747 401 804 Atra
422 765 524 804 mersa
545 745 593 805 die
614 765 672 804 nec
692 746 756 804 iam
778 746 922 807 salientia
943 746 1009 807 vita

363 843 454 902 corda
475 842 650 903 Sabrinaeis
669 844 800 903 tradidit
821 844 903 904 Ister
923 845 1020 922 aquis,

321 942 438 1018 accepit
458 962 533 1001 mox
552 946 655 1018 terra;
676 944 755 1004 iacet
775 963 871 1020 prope
891 944 969 1005 litus
989 966 1157 1006 amoenum

363 1041 414 1099 cui
435 1061 492 1100 nee
513 1041 663 1101 inauditis
685 1042 836 1119 obstrepit
857 1044 943 1103 unda
962 1044 1059 1104 fretis.

324 1139 371 1196 bis
391 1141 533 1200 revoluta
554 1141 604 1200 die
618 1141 756 1201 'Sabrina
776 1141 822 1200 ibi
842 1142 960 1219 colligit
981 1146 1092 1218 aestus,

362 1239 430 1315 ripa
451 1239 499 1298 bis
521 1241 643 1299 Oceano
663 1243 882 1316 praetereunte
904 1242 1019 1316 madet,

323 1337 370 1395 bis
391 1338 516 1412 penitus
537 1340 694 1414 complent
715 1339 819 1399 infusa
840 1340 965 1400 silentia
987 1341 1081 1401 colles

361 1437 486 1512 garrula
505 1436 583 1496 dum
603 1438 703 1496 media
724 1437 847 1497 sistitur
868 1438 937 1497 Isca
957 1439 1019 1499 via.

319 1534 388 1591 Isca
408 1533 489 1609 silet,
512 1536 603 1593 muto
623 1554 680 1593 nec
701 1535 764 1593 iam
786 1555 819 1594 se
839 1538 1003 1610 promovet
1024 1556 1126 1612 amne,

359 1653 421 1692 vox
441 1636 473 1692 et
493 1632 663 1694 inundanti
683 1637 788 1694 nostra
809 1635 914 1695 dolore
934 1637 1024 1710 tacet,

321 1731 441 1791 effundi
461 1733 586 1808 quando
607 1733 745 1792 lacrimis
765 1733 947 1793 nolentibus
969 1755 1096 1794 omnem

362 1830 472 1890 obruta
493 1830 655 1890 tristitiam
676 1852 819 1907 promere
840 1833 930 1891 Musa
951 1837 1053 1908 negat.

321 1950 394 1988 mox
414 1929 592 1988 referuntur
611 1948 716 2006 aquae,
740 1933 810 1989 tum
832 1930 939 2004 pronis
959 1931 1029 1990 Isca
1049 1932 1177 1990 fluentis

361 2025 511 2083 silvarum
534 2023 626 2082 solito
647 2044 808 2083 murmure
829 2023 963 2084 claustra
983 2027 1098 2103 replet:

319 2123 411 2182 altior
429 2122 503 2181 inde
524 2121 604 2181 mihi
625 2125 722 2181 cessat
744 2122 832 2183 dolor
852 2125 956 2182 aestus
977 2127 1013 2183 ut
1033 2125 1127 2199 amni,

360 2224 435 2280 sunt
456 2241 578 2298 quoque
594 2221 648 2280 sed
671 2241 749 2298 quae
764 2221 819 2281 vix
833 2221 960 2280 reddere
976 2222 1071 2282 verba
1092 2243 1213 2300 queam.

1094 2351 1116 2385 Τ.
1130 2351 1158 2385 Η.
1171 2353 1204 2386 W.

693 2512 779 2552 onxrr
853 2569 854 2572 Ἴ

318 2610 406 2666 Auro
426 2607 511 2684 picta
530 2607 644 2666 rubent
664 2609 823 2667 Autumni
842 2608 970 2668 nubila:
999 2609 1105 2684 fulget,

359 2707 386 2765 si
407 2706 478 2782 quis
498 2705 600 2764 adhuc
619 2706 719 2766 vitrea
739 2707 855 2766 labitur
876 2707 979 2766 amnis
999 2727 1086 2783 aqua.

319 2805 373 2864 illa
394 2807 501 2863 tamen
523 2804 662 2864 condunt
683 2805 835 2864 nebuloso
855 2805 974 2865 lumine
996 2806 1103 2879 solem,

358 2902 474 2961 imbuit
493 2903 552 2961 hos
573 2903 699 2978 proprio
720 2903 834 2980 frigore
854 2904 955 2963 tristis
975 2903 1086 2962 hiems.

318 3021 382 3060 non
402 3001 509 3061 avium
529 3000 614 3060 dulci
634 3004 781 3061 resonant
800 3002 1013 3063 modulamine
1025 3003 1139 3080 silvae,

357 3119 421 3157 non
443 3099 553 3159 avibus
572 3098 705 3158 latebras
727 3099 839 3158 sufficit
859 3100 972 3159 umbra
992 3120 1083 3161 suas:

318 3197 448 3272 aspicias
468 3199 593 3256 tantum
613 3197 734 3256 frondis
753 3197 884 3257 volitare
906 3198 1043 3275 caducae,

358 3295 491 3354 audieris
512 3296 617 3354 flentis
637 3294 683 3353 nil
704 3295 766 3353 nisi
787 3295 885 3354 fiabra
906 3296 989 3356 Noti.

317 3414 382 3453 non
403 3394 515 3452 umbra
535 3392 647 3453 aestivi
667 3393 814 3468 nemone,
839 3393 893 3452 sed
914 3393 1022 3453 nubila
1042 3396 1155 3455 vallem

354 3494 486 3568 desuper
501 3491 674 3564 hibernam,
700 3491 821 3550 tristior
842 3492 962 3567 umbra,
986 3498 1153 3568 premunt:

317 3591 480 3649 marcescit
499 3590 587 3650 velut
606 3590 739 3648 herboso
760 3590 817 3649 flos
839 3590 970 3666 quisque
991 3593 1141 3667 sepulcro,

357 3710 424 3748 rore
446 3710 540 3766 super
559 3688 660 3748 tristis
680 3688 888 3748 illacrimante
909 3708 1008 3766 rogos

1137 3803 1158 3835 Τ.
1174 3803 1194 3837 L.
1211 3805 1232 3836 l’.
