3072 4490
620 395 835 445 OXONIENSIS

669 1014 789 1056 cxxxVI

272 1111 342 1171 Nox
361 1113 430 1170 erat
449 1111 569 1170 excelsa
590 1131 689 1188 quum
710 1131 765 1170 rex
784 1109 992 1170 moribundus
1012 1111 1047 1170 in
1067 1131 1135 1172 arce

271 1209 372 1269 multa
393 1210 523 1269 domum
543 1211 681 1269 maestus
702 1209 823 1287 gemuit
843 1209 910 1269 sine
930 1210 1017 1286 prole
1038 1210 1186 1270 relictam.

272 1311 364 1385 atque
385 1307 434 1366 illi
453 1307 570 1384 pariter
590 1329 646 1386 per
666 1308 734 1368 dira
754 1308 878 1368 silentia
900 1308 1038 1386 gressi-

272 1427 347 1466 nam
368 1406 489 1466 caelum
509 1427 543 1466 ac
564 1408 662 1467 terras
682 1427 745 1467 nox
766 1407 953 1484 intempesta
974 1408 1110 1468 tenebris

271 1505 569 1566 miscuerat-vasto
590 1506 757 1566 sublimem
777 1527 816 1566 ex
836 1526 968 1583 aequore
989 1527 1101 1567 navem

273 1601 441 1681 (incertum
462 1603 546 1664 caelo
567 1624 608 1664 an
628 1605 750 1682 pelago)
771 1605 886 1680 videre,
911 1605 1038 1666 draconi

274 1702 356 1762 alato
377 1702 522 1778 similem,
546 1703 598 1762 cui
617 1703 708 1764 miris
729 1703 835 1763 crebra
856 1704 996 1763 relucent

273 1803 411 1860 transtra
431 1800 526 1861 viris:
549 1801 706 1878 oculisque
727 1801 823 1861 simul
843 1801 897 1862 vix
918 1801 986 1862 visa
1007 1801 1140 1862 recessit.

274 1899 323 1958 illi
344 1902 448 1958 autem
468 1902 580 1976 portus
601 1920 680 1976 quos
701 1900 793 1959 alluit
812 1900 897 1960 unda
918 1901 1061 1960 reductos

276 1997 371 2057 delati
390 1997 514 2073 petiere,
538 2000 627 2058 aestu
647 2000 680 2057 et
700 2001 846 2074 surgente
865 1998 1015 2058 videbant

275 2099 311 2156 ut
331 2095 433 2156 maior
452 2115 602 2174 magnam
623 2116 746 2172 semper
767 2096 966 2172 provolveret
985 2096 1103 2156 undam

276 2195 359 2254 unda
380 2195 611 2270 superveniens,
636 2185 712 2253 dum
733 2193 866 2270 denique
887 2213 971 2253 nona
991 2195 1113 2255 sonoris

276 2293 404 2353 vocibus
425 2293 509 2352 unda
529 2294 676 2368 fremens,
699 2295 767 2352 toto
787 2291 892 2368 gravis
912 2292 1056 2368 aequoris
1077 2295 1173 2365 aestu,

277 2391 396 2450 tardior
416 2391 588 2450 attrahitur
609 2393 762 2466 ruptaque
783 2389 938 2449 immensa
958 2390 1114 2466 fragorem

275 2489 359 2549 mole
381 2488 474 2564 dedit,
498 2490 685 2565 fiammaque
708 2487 811 2548 omnis
832 2488 1001 2565 crepitante
1021 2492 1169 2547 coruscat.

277 2588 331 2647 sed
352 2589 465 2647 fluctus
487 2587 570 2647 inter
590 2587 710 2647 medios
730 2586 928 2663 flammisque
948 2586 1076 2646 volutus

277 2686 377 2745 fertur
397 2706 478 2762 aqua
498 2687 602 2746 nudus
622 2685 813 2763 pedibusque
835 2684 983 2744 allabitur
1003 2684 1115 2760 infans,
1160 2743 1163 2748 ,

279 2805 373 2860 quem
394 2784 498 2844 subito
518 2787 606 2845 vates
626 2785 806 2859 correptum
827 2783 955 2842 sustulit
975 2783 1076 2841 undis.

279 2886 370 2956 ‘rex‚’
391 2883 443 2957 ait,
471 2882 539 2941 ‘hic
561 2881 668 2940 nobis:
698 2881 749 2940 hic
770 2880 837 2940 divi
857 2879 1020 2957 sanguinis
1041 2879 1151 2939 heres)

279 2980 353 3039 talia
374 2979 502 3039 iactanti
523 2998 659 3040 convexa
678 2979 712 3036 in
733 2978 826 3037 litora
846 2977 912 3037 vati

279 3077 381 3153 prima
403 3077 488 3137 subit
508 3077 632 3136 fervens
652 3079 684 3136 et
704 3075 965 3135 circumfunditur
985 3075 1070 3152 ipsos

280 3177 364 3236 unda
384 3176 494 3252 pedes:
522 3195 597 3234 mox
617 3177 786 3251 tempestas
807 3174 977 3252 tranquilla
997 3177 1140 3234 secutast.

1100 3285 1119 3318 J.
1134 3285 1165 3317 W.
1179 3286 1206 3318 M.
