3072 4490
635 334 850 384 OXONIENSIS

693 511 797 553 CXVIII

369 603 519 670 Ἐνταῦθα
540 610 650 671 πλοῖον
671 609 704 671 ἐκ
727 608 838 672 σκότου
859 608 1060 690 προφαίνεται

372 715 406 773 τδ
429 713 488 775 πᾶν
512 711 660 792 κελαινόν,
682 711 721 777 ὡς
743 711 931 794 μελάγχιμον
955 710 1060 789 στολή.

371 812 483 894 βάντες
507 813 532 878 δ’
555 816 586 880 ἐς
608 814 699 894 ἀκτὴν
723 814 859 899 ἐνμέσῳ
883 818 997 894 σεμνᾶς
1018 813 1132 896 σκάφει

372 915 454 998 φάρη
477 916 503 982 τ’
526 918 657 1001 ἐχούσας
677 917 796 998 μέλανα
819 917 867 982 καὶ
887 917 1126 998 μελαμπέπλονς

372 1023 466 1102 ὁρῶσι
487 1020 615 1103 μορφάς,
639 1022 679 1088 ὥς
703 1023 785 1104 ὄναρ·
814 1018 937 1101 τρισσαὶ
960 1019 986 1086 δ’
1008 1021 1069 1099 όμα

370 1125 520 1207 στέφεσιν
542 1125 677 1189 άνασσοι
698 1123 838 1207 χρυσέοις
861 1128 1038 1189 συνέπλεον.

372 1229 425 1292 κάκ
446 1227 532 1294 τῶνδ’
554 1228 694 1294 ἀνέπτατ’
715 1227 844 1310 ἀστέρας
866 1227 891 1291 τ’
917 1227 1031 1308 ἐξίκετο

371 1334 463 1419 φόβῳ
486 1332 556 1416 κέαρ
577 1331 763 1412 πλήσσονσα
785 1333 935 1414 φρικώδης
956 1329 1028 1411 βοή·

369 1438 555 1520 βαράστονοι
578 1437 602 1502 δ’
627 1438 768 1516 ἀνῆλθον,
792 1437 832 1503 ὡς
854 1436 941 1518 φωνὴ
963 1439 1027 1515 μία,

370 1544 474 1622 θρῆνοι
495 1543 562 1625 γόοι
585 1567 627 1620 τε,
651 1547 755 1608 νυκτὸς
778 1541 817 1607 ὡς
840 1541 913 1605 όταν
934 1539 1012 1619 πνοὴ

369 1645 487 1726 άβατον
510 1645 614 1732 διέλθῃ
637 1651 727 1728 γαῖαν
750 1644 919 1724 οίμόζονσ’,
938 1645 1008 1708 ὅποι

368 1751 450 1815 οὕτω
473 1777 525 1817 τιτ-
541 1751 635 1831 ἦλθεν
657 1750 715 1815 οὐδ’
740 1749 898 1813 ἐλεύσεται
921 1756 1052 1830 βροτῶν.

1100 1849 1127 1884 κ.
1140 1849 1162 1884 κ.
1177 1850 1206 1885 ιι.

700 1965 778 2006 cxlx

360 2065 456 2124 Follis
476 2085 536 2141 me,
560 2084 630 2124 mea
648 2064 734 2138 vite;
761 2082 836 2122 nem
856 2062 1020 2121 fatendum
1040 2065 1088 2122 est

359 2183 410 2222 me
431 2183 487 2224 nec
506 2164 571 2223 iam
592 2163 727 2240 reperire
746 2181 835 2239 posse
857 2160 932 2238 quid
953 2160 1005 2234 sis,

358 2281 415 2320 nec
436 2281 573 2338 quanam
592 2262 719 2336 ratione,
743 2279 842 2337 quave
863 2259 899 2318 in
919 2259 997 2319 hore

359 2379 542 2436 congoessus
562 2359 677 2419 fuerim
697 2359 803 2419 locove
825 2360 950 2431 tecum3

356 2457 390 2518 id
411 2461 538 2520 tantum
558 2460 651 2535 patet,
675 2458 826 2535 uniceque
847 2460 969 2517 certum
989 2459 1045 2532 est,

358 2557 535 2635 digressum
555 2559 716 2626 foremox
737 2558 800 2616 mei
821 2556 941 2635 tuique.

357 2656 447 2716 nobis
468 2656 562 2734 longa
582 2656 700 2716 etenim
720 2655 817 2716 simul
837 2656 961 2731 peracte
980 2656 1029 2713 est

356 2772 440 2813 nunc
460 2754 576 2814 nimbis
596 2754 649 2814 via
669 2753 765 2830 foeda,
788 2772 872 2812 nunc
893 2751 1014 2828 aprica3

333 2859 335 2865 ’
356 2871 413 2910 nec
433 2851 509 2912 fletu
529 2851 644 2928 poterit
663 2852 716 2928 pio
738 2870 840 2910 carere

356 2969 433 3024 quae
454 2970 540 3009 caros
562 2949 698 3009 nimium
719 2948 847 3008 revellet
867 2947 952 3008 hora.

355 3046 431 3123 quin
452 3051 578 3124 sumpta
598 3047 656 3108 tibi
677 3067 772 3123 quem
792 3045 901 3106 libebit
921 3045 999 3104 hora

354 3146 520 3204 confestim
541 3145 649 3223 fugies,
674 3145 825 3222 fugaeque
846 3142 936 3202 nobis

353 3245 490 3319 praestes
512 3244 618 3302 omine
638 3244 726 3302 nulla
747 3241 937 3316 destinetc03

353 3361 421 3416 nec,
443 3361 515 3401 cum
536 3360 599 3400 nox
618 3341 718 3400 ederit
739 3359 893 3416 supreme,
916 3341 1041 3398 nostros

352 3441 516 3499 aetornum
534 3439 643 3498 iubeas
662 3438 765 3499 valere
786 3457 925 3498 amores:

351 3537 406 3597 sed
427 3557 499 3596 cum
519 3556 611 3597 mane
633 3556 715 3596 novo
736 3537 844 3595 renate
864 3537 972 3613 surget

351 3634 406 3694 lux
427 3634 503 3695 caeli
524 3633 644 3709 melior,
669 3636 776 3694 renata
796 3636 828 3693 et
847 3634 917 3710 ipss

351 3733 518 3811 antiquum
539 3733 687 3793 comitem
707 3733 806 3793 redux
827 3732 951 3793 salutes.
1100 3759 1128 3794 u.
1142 3759 1165 3795 ι.
1177 3761 1201 3794 ο.
