3072 4490
621 379 837 428 OXONlENSlS

705 700 763 738 ch

274 794 381 871 Carpe,
405 795 540 870 superba
559 794 663 870 nimis,
688 796 791 870 posita
812 795 989 870 formidine,
1014 816 1182 856 somnum:

314 893 384 970 quis
405 893 507 953 solvat
528 892 653 953 rabidae
674 895 797 954 somnia
817 914 910 955 saeva
929 894 1020 954 leae?

274 990 324 1049 hic
345 991 460 1051 sedisse
482 993 531 1051 sat
551 995 600 1051 est
619 992 827 1069 conclusaque
847 992 936 1051 labra
956 993 1039 1051 tueri

314 1109 392 1166 quae
412 1090 494 1149 bona
514 1092 692 1150 nescierunt
712 1091 802 1150 edere
823 1091 919 1152 verba
939 1091 1024 1150 viris.

274 1187 329 1246 illa
350 1188 485 1264 benigna
507 1188 633 1266 quidem
656 1209 720 1248 non
740 1192 796 1265 est,
820 1190 947 1250 innoxia
967 1191 1112 1249 tantum:

313 1286 387 1362 quid
410 1287 510 1364 magis
530 1287 590 1347 hcc
612 1288 726 1364 poterit
747 1288 840 1348 corda
860 1288 969 1348 iuvare
990 1287 1102 1364 proci?

234 1445 236 1450 ,
272 1386 381 1460 aspice,
406 1405 484 1461 quac
505 1386 656 1445 miserum
677 1386 770 1446 toties
790 1386 949 1446 fraudavit
969 1389 1127 1446 amantem

313 1483 356 1542 sic
378 1503 485 1543 secura
506 1484 592 1557 iacet,
618 1485 753 1544 carmine
775 1488 865 1561 capta
885 1505 975 1544 mec:

272 1582 376 1642 almus
395 1587 428 1641 et
449 1602 487 1642 ex
509 1584 605 1642 oculis
626 1583 783 1659 adopertis
803 1584 935 1661 liquitur
956 1603 1055 1657 umor,

313 1700 403 1756 saepe
423 1681 525 1758 magis
545 1681 691 1742 lacrimas
712 1683 835 1742 somnia
855 1682 925 1742 luce
947 1685 1084 1742 movent

271 1779 362 1853 adsis,
387 1799 504 1854 somne,
528 1782 583 1838 tua
604 1783 742 1839 mentem
765 1780 927 1840 dulcedine
948 1782 1083 1854 mutans,

313 1881 349 1936 ut
369 1897 459 1937 meus
481 1898 499 1938 a
519 1878 608 1955 vigili
630 1878 814 1955 respiciatur
834 1899 932 1939 amor.

1093 1992 1118 2024 Δ.
1132 1989 1159 2024 Η.
1174 1991 1195 2023 C.

692 2329 764 2370 CLVI

269 2425 388 2485 Viaca
409 2425 493 2486 fatus
514 2429 588 2498 erat,
612 2425 740 2485 fremitu
762 2426 872 2502 strepit
888 2445 981 2486 omne
1002 2430 1128 2503 repente

269 2523 445 2599 concilium,
469 2524 620 2600 deprensa
640 2523 725 2583 cavis
745 2543 801 2582 ceu
822 2523 952 2583 flamina
972 2525 1054 2586 saxis

269 2622 442 2681 miscentur
461 2621 586 2696 sonitu;
615 2625 746 2697 noctem,
771 2641 866 2698 quam
887 2622 988 2698 longa,
1012 2622 1136 2683 ciebant

269 2720 324 2779 illa
344 2720 472 2796 quidem
493 2723 634 2797 pontum,
657 2720 722 2779 iam
742 2721 871 2780 tandem
893 2741 1057 2780 murmure
1077 2740 1170 2780 rauco

269 2819 398 2878 defessis
419 2819 552 2878 suadent
572 2819 677 2878 nautis
697 2819 799 2895 sopita
819 2819 969 2895 quietem,

269 2937 403 2993 quorum
424 2917 587 2994 navigium
608 2919 701 2993 atque
722 2917 799 2976 ratis
820 2917 879 2977 sub
900 2938 977 2994 rupe
998 2921 1107 2978 cavata

268 3019 339 3092 post
360 3018 579 3092 tempestatem
599 3016 685 3075 tenet
706 3035 834 3074 ancora:
863 3016 1023 3092 plauditur
1043 3035 1107 3076 una

269 3115 331 3173 dux
352 3115 407 3174 ubi
427 3114 569 3187 finierat;
598 3113 715 3190 placuit
736 3114 890 3173 sententia
910 3114 985 3174 Coei

267 3232 375 3289 pacem
396 3213 604 3286 ostentantis3
631 3215 777 3271 statuunt
798 3232 861 3270 non
883 3212 948 3271 ulla
968 3232 1085 3272 novare

266 3311 383 3388 proelia
404 3310 561 3370 Tartareis
581 3329 671 3387 mage
692 3309 890 3369 formidanda
910 3303 1050 3385 catenis;

267 3412 356 3469 tanto
376 3409 447 3469 illos
468 3408 605 3468 tonitrus
626 3410 775 3484 tantoque
796 3403 969 3485 inpleverat
989 3428 1078 3469 arcus

267 3509 385 3569 intonsi
406 3511 521 3569 terrore
542 3507 600 3581 dei,
625 3507 738 3584 quibus
759 3507 822 3566 alta
843 3507 955 3584 cupido

264 3608 411 3667 firmandi
432 3606 578 3684 Stygium
599 3606 762 3682 inperium,
788 3607 870 3682 quod
891 3609 1030 3682 tempore
1050 3597 1144 3684 longo

265 3707 465 3782 consiliisque
486 3708 597 3781 potens
617 3725 749 3782 regnum
770 3705 928 3764 affectaret
948 3705 1083 3782 Olympi.

1094 3816 1190 3850 S.G.0.
