3072 4490
624 358 838 408 OXONIENSIS

707 725 757 765 CLI

232 821 341 880 Multis
362 820 416 881 illa
437 820 540 882 modis
560 841 657 899 parvo
678 841 769 881 mens
789 821 870 880 laeta
890 820 1002 897 parari,

232 944 260 1004 si
281 945 390 1021 nescis,
414 945 522 1021 possit
565 944 689 1020 sapiens
711 964 786 1003 nam
810 944 917 1020 ‘plura
938 944 1055 1004 habeo'
1076 943 1178 1021 inquit

235 1068 349 1144 ‘quam
370 1068 482 1145 cupio,’
504 1071 559 1128 aut
580 1067 664 1128 idem
689 1070 825 1145 ‘quanto
845 1066 999 1127 infelicior
1019 1087 1086 1127 esse

233 1211 328 1268 quam
347 1212 431 1252 nunc
448 1211 520 1251 sum
538 1193 702 1268 poteram.’
736 1192 872 1252 fundum
885 1211 958 1252 cum
971 1192 1106 1268 perdidit
1120 1210 1231 1269 unum,

232 1316 317 1375 haud
339 1316 420 1375 male
441 1315 622 1392 Aristippus
644 1315 759 1376 solanti
778 1315 870 1375 fortis
892 1315 991 1375 amico

236 1443 318 1500 ‘tres
338 1440 420 1499 mihi
440 1442 534 1499 sunt’
555 1440 659 1516 inquit
683 1440 791 1499 ‘fundi
811 1460 903 1515 nunc,
928 1443 1077 1517 quattuor
1098 1439 1180 1512 olim,

232 1567 263 1622 te
284 1568 358 1623 tuus
380 1583 463 1624 unus
483 1564 556 1623 alit:
584 1567 726 1624 nostram
747 1584 884 1624 maerere
905 1563 1006 1624 vicem
1027 1566 1057 1623 te

233 1686 307 1762 quid
329 1686 458 1746 decet‘?'
489 1688 521 1746 at
542 1686 649 1746 stultis
670 1707 792 1762 semper
813 1686 996 1763 locupletior
1018 1686 1121 1745 obstat

232 1815 305 1871 ante
327 1811 433 1871 oculos
453 1811 581 1888 positus,
606 1831 663 1870 nee
683 1831 798 1889 egenos
818 1814 849 1871 et
870 1811 971 1887 magis
992 1813 1061 1869 arto

233 1934 404 2010 respiciunt
423 1934 511 1994 rictu
530 1933 651 1995 vicinos
671 1935 777 1995 vivere
798 1936 911 1995 suetos.

234 2059 336 2118 omnis
357 2058 391 2117 in
412 2060 544 2135 angusto
565 2059 648 2118 vitae
671 2059 734 2116 stat
753 2077 828 2118 vers
848 2057 1002 2132 voluptas,

232 2202 306 2241 vera
327 2183 425 2241 bona:
452 2183 484 2240 61
503 2183 632 2240 cunctos
653 2183 759 2239 tamen
779 2180 854 2239 hinc
876 2179 1012 2238 amentia
1032 2179 1128 2238 flectit

233 2309 377 2366 strenua:
409 2304 601 2381 prospiciunt
620 2307 652 2365 et
672 2303 925 2381 praecedentibus
945 2303 1074 2363 instant.

1084 2427 1118 2462 W.
1131 2427 1155 2461 R,
1170 2427 1197 2460 11.

702 2789 767 2830 cm

314 2890 383 2948 Stat
402 2888 474 2948 fixis
493 2888 622 2947 demens
643 2886 741 2946 oeulis
761 2887 854 2962 atque
876 2904 927 2944 ore
948 2883 1102 2957 trementi,

314 2985 491 3063 attollitque
512 3005 633 3060 manue,
657 2985 758 3062 qualis
778 2983 867 3044 stetit
887 2983 940 3042 1116
961 2985 1126 3059 patentum

314 3085 449 3144 eulmine
471 3084 642 3143 Deucalion
663 3082 743 3142 celso
765 3083 919 3158 spectator
940 3100 1102 3158 aquarum,

313 3183 365 3244 vel
385 3183 517 3259 cupidus
537 3181 634 3241 caecis
655 3182 756 3241 solem
776 3180 941 3256 exoptabat
963 3179 1061 3240 Orion

312 3263 504 3354 luminibus;
532 3281 656 3357 iamque
677 3281 712 3337 in
733 3279 868 3355 lapidem
890 3277 1016 3338 cedebat
1037 3277 1179 3352 inertem,

314 3380 419 3440 nullos
441 3379 504 3438 iam
524 3379 668 3456 gemitus,
693 3379 828 3454 suspiria
848 3376 935 3437 nulla
956 3377 1094 3452 daturus,

313 3479 493 3555 ploratusve
514 3495 636 3550 sonum,
661 3474 765 3535 medio
786 3475 847 3534 nisi
867 3474 986 3534 elamor
1006 3475 1045 3534 ab
1066 3476 1155 3534 antro

313 3595 480 3653 erumpens
501 3574 651 3652 pavidum
673 3573 764 3634 dictis
786 3572 960 3633 monuisset
981 3572 1107 3633 amicis:

318 3676 411 3734 ‘tune
431 3674 518 3748 illuc,
539 3671 670 3746 iuvenis,
693 3675 816 3732 metuas
837 3672 1027 3747 descendere,
1051 3670 1153 3749 pergit

314 3770 426 3829 semita
446 3787 507 3846 qua
526 3764 642 3829 sterilis
662 3768 761 3825 terrae
780 3768 941 3842 penetrare
962 3783 1117 3838 cavernas,
