3070 4490
627 411 843 461 OXONIENSIS

683 591 787 633 xcvm

238 695 306 756 Nox
326 701 408 758 erat:
438 698 581 775 obliquus
603 702 782 760 convertere
803 698 942 776 plaustra
962 699 1076 760 Bootes

278 843 425 918 coeperat,
448 842 615 919 impellens
635 843 757 942 Arctou
777 846 942 921 utramque
963 863 1078 919 manu;

236 989 376 1063 tempore
397 1006 458 1063 quo
478 987 576 1047 fessas
597 987 696 1048 nimio
717 1006 834 1046 cessere
855 987 955 1048 labori

277 1130 473 1208 terrigenum
492 1135 600 1208 gentes
622 1133 775 1209 quotquot
794 1132 909 1209 ubique
929 1133 1039 1194 issent.

236 1278 295 1337 en!
316 1280 418 1336 Amor
438 1280 510 1337 ante
529 1277 607 1337 foris
628 1277 749 1339 subitus
772 1277 921 1353 consistit,
941 1280 973 1338 et
993 1280 1083 1355 urget

275 1421 437 1498 improbus
459 1421 634 1498 oppositam
654 1443 728 1484 voce
749 1443 906 1501 manuque
927 1441 1038 1484 seram.

238 1564 311 1625 huie
331 1585 407 1642 ego:
432 1564 591 1643 ‘quisquis
610 1567 691 1643 ades,
708 1567 772 1628 iam
790 1587 897 1645 parce:
918 1567 993 1644 quid
1013 1565 1091 1625 ostia
1108 1565 1240 1643 pulsas?

280 1709 408 1786 somnia,
433 1710 461 1770 si
482 1711 591 1786 neseis,
616 1715 730 1788 nostra,
754 1712 893 1788 moleste,
917 1713 1025 1790 fugas?

240 1854 352 1914 flebilis
372 1855 445 1915 ille:
467 1854 605 1916 ‘times‘i
624 1855 709 1932 aperi
729 1856 840 1916 modo:
862 1875 933 1916 sum
953 1857 1052 1932 puer‚’
1072 1853 1193 1932 inquit:

285 1999 376 2059 ‘luna
395 1998 491 2060 latet:
512 1998 616 2060 subito
637 2000 746 2060 devius
765 1999 866 2060 imbre
888 1999 992 2078 rigor!

240 2143 314 2203 talia
334 2142 486 2220 plorantis
506 2141 652 2204 miseret:
673 2163 762 2204 mora
782 2143 877 2219 nulla,
903 2161 1050 2220 resurgo;

281 2288 434 2365 ianuaque
454 2307 582 2348 aceensa
601 2288 744 2365 lampade
764 2287 833 2347 laxa
852 2288 945 2364 patet.

242 2451 308 2492 eree
329 2431 463 2509 pusillus
484 2433 578 2507 adest,
603 2431 729 2492 calamis
748 2431 921 2492 instructus
941 2435 973 2491 et
993 2449 1083 2491 areu:

283 2596 385 2654 penna
405 2577 520 2654 premit
541 2580 684 2655 tergum:
716 2597 797 2655 pone
817 2577 965 2655 pharetra
985 2578 1085 2636 sonat.

242 2725 315 2783 inde
336 2723 404 2782 loeo
424 2722 630 2800 manibusque
651 2741 764 2784 manus
784 2722 920 2783 refovere
940 2720 1058 2780 dolenti

285 2888 358 2928 cura
378 2868 447 2942 fuit,
471 2869 611 2928 madidas
631 2867 813 2945 excutioque
834 2885 945 2929 eomas.

243 3012 358 3089 frigore
380 3031 453 3071 mox
474 3011 583 3088 pulso:
611 3012 727 3071 ‘modo
749 3031 788 3071 ne
809 3011 889 3070 mihi
910 3007 1035 3070 laeserit
1054 3027 1162 3069 areum

284 3157 404 3217 imber!
432 3160 465 3216 et
484 3176 526 3216 en
545 3176 679 3216 nervum
699 3157 827 3216 tendere
849 3155 961 3230 aoner‚’
982 3154 1037 3215 ait.

245 3302 391 3363 cornibus
411 3299 552 3361 adductis
574 3302 709 3375 steterat,
733 3299 909 3378 pariterque
930 3299 1043 3376 sagitta

287 3450 405 3508 oestrus
426 3445 474 3506 uti
493 3443 634 3504 medium
654 3463 710 3519 per
729 3443 815 3503 ieeur
834 3446 902 3504 aeta
922 3443 1014 3504 volat
1081 3441 1083 3448 ’

245 3592 358 3668 exsilit,
383 3595 415 3653 et
435 3591 586 3669 plaudens
607 3588 667 3649 sibi
691 3588 854 3665 ‘plaudere
875 3587 984 3665 perois,
1008 3585 1150 3646 amice?’

291 3738 391 3798 ‘hune
412 3740 502 3797 teneo
522 3735 661 3797 salvum:
690 3733 791 3795 laesus
812 3735 845 3792 at
864 3733 930 3810 ipse
951 3732 1076 3809 gemes!

1029 3854 1054 3890 8.
1067 3854 1091 3890 11,
1103 3855 1129 3890 Δ.
1140 3853 1178 3889 DU
1188 3852 1212 3890 1’.
