3072 4490
625 382 840 430 OXONIENSIS

675 649 801 690 CXXVIII

315 728 387 806 Urit
407 765 457 806 me
479 764 567 806 meus
588 745 750 823 uriturque
771 748 898 804 amator.

313 844 453 922 (missit,
478 843 652 921 quaeritis?
680 846 728 903 est
748 843 843 902 timor
864 842 962 902 fateri.

312 963 387 1003 nam
409 942 597 1003 desiderium
617 962 725 1001 meum
745 941 867 1018 puellae

312 1042 341 1100 si
361 1041 476 1115 norint,
500 1040 572 1115 scio,
596 1039 660 1101 iam
680 1040 797 1113 volent,
820 1039 979 1100 amabunt.

312 1140 363 1200 sin
384 1141 502 1199 celatus
521 1139 589 1213 erit,
613 1139 727 1215 peribit
748 1138 852 1198 omnis

312 1239 450 1298 fructus:
479 1257 554 1297 nam
575 1238 643 1298 leve
663 1236 815 1314 gaudium
836 1235 988 1313 estquod
1009 1234 1066 1294 nni

311 1337 474 1396 adsertum
494 1337 592 1410 vacat,
617 1335 708 1394 alteri
728 1337 859 1412 tegetur.

351 1437 385 1493 at
405 1434 543 1510 pulcher,
567 1432 681 1510 quibus
701 1433 842 1492 invenire
863 1432 910 1492 fas
930 1434 985 1506 est,

274 1538 276 1543 '
310 1535 342 1593 et
363 1534 507 1611 fragrans
527 1535 726 1611 vegetusque,
750 1535 787 1592 ut
808 1533 898 1593 albus
918 1533 1034 1605 aether,

312 1635 412 1692 aestas
433 1653 506 1692 cum
528 1633 616 1708 calet,
640 1634 715 1692 utve
736 1652 834 1708 purus
855 1652 914 1692 aer.

312 1733 382 1790 tum
403 1752 458 1791 ceu
480 1731 612 1791 candida
632 1751 725 1790 mane
746 1731 886 1790 liliorum

310 1830 387 1890 haec
408 1830 457 1888 illi
477 1833 524 1889 est
545 1830 656 1889 facies:
684 1849 785 1907 neque
805 1830 890 1889 hunc
910 1829 1006 1888 latere

311 1929 434 1988 confido
456 1932 571 2003 tamen,
596 1931 627 1988 et
647 1929 749 2005 magis
769 1928 901 1988 verebor

311 2028 439 2087 dantem
460 2027 604 2103 pluribus
624 2028 656 2086 et
677 2026 728 2086 sui
746 2026 918 2102 profusum.

684 2331 783 2372 CXXIX

309 2428 382 2487 Non
402 2447 481 2502 mea,
505 2446 570 2486 non
590 2426 700 2502 populi
720 2425 849 2485 timidae
869 2425 1029 2502 praesagia
1049 2425 1166 2484 mentis

349 2547 456 2587 rerum
475 2528 627 2586 venturas
647 2526 818 2587 vaticinata
837 2525 930 2599 vices

309 2628 435 2702 tempus
457 2625 613 2686 amicitiae
633 2627 783 2702 poterunt
803 2625 868 2684 iam
889 2645 1005 2700 ponere
1026 2626 1159 2697 nostrae,

349 2744 444 2801 quam
464 2726 559 2784 modo
580 2725 718 2784 clausuri
737 2727 892 2784 carcerat
911 2743 1011 2782 uncus
1031 2724 1128 2782 erant.

309 2822 385 2882 lune
405 2823 575 2883 laborando
596 2823 716 2898 defecit,
740 2825 773 2882 et
792 2823 884 2882 irrita
903 2825 1034 2882 vertunt

350 2921 456 2980 omina
476 2922 605 2981 terrifici
625 2942 704 2999 quae
725 2922 860 2981 cecinere
882 2939 979 2980 senes.

307 3020 399 3078 anxia
420 3021 484 3079 iam
505 3019 602 3093 festis,
626 3040 717 3080 curae
738 3039 855 3079 cessere
877 3017 1007 3092 coronis,

348 3118 432 3194 pacis
452 3119 654 3177 inexhaustos
676 3118 762 3177 ducit
784 3118 866 3178 oliva
887 3117 962 3176 dies.

307 3237 391 3277 nunc
411 3218 494 3277 viret
514 3219 686 3278 ambrosiae
708 3218 836 3295 liquidis
857 3218 915 3277 sub
937 3217 1061 3277 roribus
1081 3218 1177 3277 horae

346 3318 453 3376 noster
473 3336 569 3392 amor,
593 3318 676 3378 cedit
696 3337 780 3377 nunc
801 3315 941 3377 Libitina
961 3314 1062 3389 mihi3

306 3414 340 3472 in
361 3414 450 3474 tenni
471 3415 530 3474 hoc
550 3434 645 3475 versu
665 3414 779 3488 vivam,
804 3415 880 3474 dum
902 3415 1075 3490 quamlibet
1095 3414 1150 3474 illa

347 3515 448 3574 saevit
468 3514 502 3573 in
521 3514 658 3590 elinguis
679 3534 715 3574 ac
735 3513 802 3572 sine
823 3534 899 3574 voce
919 3513 1040 3587 tribus;

307 3615 532 3689 aeternumque
555 3613 603 3672 tui
624 3613 867 3672 monumentum
888 3612 948 3672 hoc
967 3611 1071 3682 stabit,
1095 3612 1200 3685 amice,

347 3731 419 3770 curn
440 3711 572 3772 tumidis
592 3731 702 3788 regum
722 3709 859 3770 molibus
879 3729 950 3770 aera
970 3710 1087 3770 cadent.

1093 3821 1119 3854 A.
1133 3820 1154 3854 Τ.
1168 3821 1193 3854 Β.
