3072 4490
633 386 849 434 OXONIENSIS

695 555 780 596 cxxv

326 652 437 734 Πάτερ,
460 649 621 735 κατάσχες·
656 652 689 715 οὗ
712 651 769 733 γὰρ
792 652 871 713 ἄλλο
893 649 1025 730 σήμερον

325 754 343 834 ἢ
366 763 472 837 μοῖραν
495 756 681 835 ἔκτίμτλημι
703 755 759 833 τὴν
783 759 860 819 θεῶν
880 754 939 817 ὕπο

324 857 391 941 ἐμοὶ
413 858 564 943 γενομένῳ
587 858 745 938 σύμφυτον
767 855 974 936 πεπρωμένην·

325 963 363 1026 σὺ
386 963 411 1028 δ’
434 965 566 1028 ἐκτελεῖς
588 962 623 1025 τὸ
646 967 727 1026 θεῖον
749 961 895 1044 ἀγνώστῳ
918 962 994 1042 χερί.

324 1071 415 1146 θυμὸς
440 1066 496 1147 γὰρ
520 1063 686 1148 ἐξήγγειλέ
702 1065 742 1144 σ’,
765 1067 849 1130 ὅστις
872 1062 949 1143 ἦσθ’,
973 1065 1052 1142 ἐμός,

324 1172 393 1235 ἐπεί
413 1196 450 1234 σε
473 1176 591 1250 πρῶτον
615 1169 704 1243 εἶδον,
727 1169 786 1232 οὐδ’
811 1169 827 1230 ὁ
851 1168 914 1246 σός,
937 1166 1039 1247 πάτερ,

324 1272 401 1355 σάφ’
424 1273 487 1351 οἶδ’,
511 1273 640 1356 έσίγησ’·
672 1274 755 1335 άλλδ
776 1269 898 1356 χαλκέῳ
921 1268 990 1334 ποδὶ

323 1377 341 1457 ἡ
364 1383 453 1458 μοῖρα
475 1375 539 1440 τάδ’
562 1377 724 1456 ἐπάτησεν·
753 1376 808 1455 ἥδε
829 1375 885 1454 τὴν
906 1373 1007 1456 μάχην

324 1485 472 1562 συνῆψεν,
494 1481 541 1560 ἥδ’
563 1479 670 1564 ἔρριψέ
690 1479 720 1561 μ’
743 1477 793 1544 ἐπὶ
816 1486 927 1558 πατρὸς
950 1480 1039 1560 δόρει.

324 1583 373 1648 καὶ
396 1586 566 1665 ταῦταμὲν
589 1590 732 1666 σιγῶμεν·
764 1582 896 1664 ε’ξεάρηκ’
919 1584 978 1664 ἐγὼ

322 1694 376 1752 τὸν
398 1688 510 1769 πάτερ’·
540 1691 649 1768 ὄνησιν
670 1686 757 1751 τοῦδέ
777 1687 806 1769 γ’
828 1689 999 1766 ὑπολαβεῖν
1020 1683 1051 1765 μ’
1074 1686 1116 1749 ἔα.

321 1790 361 1854 ἴθ’
383 1793 444 1868 οὖν,
467 1795 499 1856 ἐν
522 1793 608 1877 άμμῳ
632 1793 701 1880 τῇδε
723 1818 776 1871 μοι
798 1789 967 1870 παρήμενος

322 1895 418 1960 ἅπτου
439 1921 472 1959 τε
495 1901 603 1976 κρατὸς
624 1895 724 1978 χερσί,
748 1896 798 1958 καὶ
821 1892 966 1974 παρηίδας

322 2000 424 2073 κύσον,
448 2003 551 2077 διῆνον
574 2000 720 2082 δακρύοις,
742 1999 853 2079 λέγων,
875 1997 998 2061 Τέκνον.

322 2101 370 2167 καῖ
393 2109 514 2168 σπεῦδε·
544 2105 648 2184 μικρὸς
671 2101 719 2166 καὶ
742 2102 836 2185 ταχὺς
858 2104 931 2181 βίον
953 2101 1062 2184 χρόνος

321 2208 386 2286 ἐμοὶ
408 2211 568 2288 μετρεῖται·
598 2207 647 2269 καὶ
670 2206 726 2289 γὰρ
750 2207 906 2286 ἀστραπῆς
929 2205 1013 2281 δίκην

322 2315 498 2391 προσῆλθον
522 2309 647 2387 ἐνταῦθ’,
672 2309 711 2376 ὡς
734 2309 811 2387 πνοὴ
835 2307 861 2372 δ’
883 2307 1062 2391 ἀπέρχομαι,

322 2414 481 2493 αἰφνίδιος,
504 2413 589 2490 ὠκύς,
611 2413 651 2480 ὣς
672 2413 858 2497 ταχύπτερος
879 2410 965 2490 πνοή.

322 2517 392 2579 ἀλλ’
416 2516 474 2581 ὧδέ
497 2543 560 2584 πως
583 2520 704 2600 εἵμαρτο
728 2523 790 2583 τοῖς
813 2520 893 2583 θεοῖς
914 2521 949 2578 τὸ
972 2516 1050 2596 πρίν.

998 2614 1200 2650 emman

610 2709 615 2725 ”
678 2714 777 2757 cxm

315 2810 464 2869 Protinus
485 2809 629 2870 insiliens
650 2810 779 2870 cumbae
801 2809 973 2869 retinacula
993 2808 1078 2884 fregi,

314 2927 430 2985 perque
452 2909 518 2968 dies
539 2911 661 2984 septem
682 2909 815 2968 iactatus
835 2908 870 2966 in
890 2926 1021 2984 aequore
1042 2909 1131 2966 vasto

314 3009 346 3065 et
366 3008 476 3066 lunam
497 3026 622 3065 meeum
643 3006 887 3083 comitantiaque
908 3008 992 3065 astra
1012 3004 1166 3065 videbam.

315 3105 449 3180 septima
469 3125 532 3164 nox
553 3105 667 3179 aderat,
692 3105 793 3182 posito
814 3125 887 3164 eum
907 3103 1034 3164 flamine
1054 3103 1142 3163 venti

314 3202 422 3262 audivi
442 3203 531 3262 duris
551 3222 694 3262 resonare
715 3202 907 3262 anfractibus
928 3221 1016 3261 oram

313 3303 345 3360 et
367 3300 496 3359 tandem
517 3300 646 3359 inlisam
667 3300 751 3360 saxis
773 3302 897 3361 haerere
919 3300 1058 3360 carinam

313 3398 454 3475 margine
476 3398 584 3458 litoreo
605 3399 690 3458 sensi
701 3420 709 3473 ;
737 3404 808 3459 tum
830 3399 961 3475 desuper
981 3418 1084 3458 arcem

313 3497 493 3557 Phaeacum
515 3496 702 3573 impendere,
725 3501 758 3557 et
778 3518 844 3557 nen
863 3497 931 3557 sine
952 3497 1082 3557 numine
1103 3497 1210 3570 turris.¹

313 3595 368 3654 illa
388 3596 476 3656 velut
496 3614 590 3671 rupee
610 3595 682 3671 rupi
702 3597 902 3672 superaddita
922 3596 1021 3655 meles

312 3695 476 3770 pertarum
497 3693 618 3770 ingenti
638 3695 767 3771 pelagus
788 3694 947 3770 spectabat
968 3696 1109 3770 apertum

312 3792 450 3868 discidio,
474 3795 507 3852 et
526 3793 626 3852 scalae
648 3793 889 3854 devertebantur
909 3793 944 3853 in
965 3793 1073 3852 undae.
