3070 4490
634 391 849 442 OXONIENSIS
902 427 906 433 ·

705 624 759 666 cix

279 716 305 775 Ο
326 716 401 776 socii
423 718 494 795 cari,
519 738 591 779 eum
611 721 733 781 venerit
752 722 830 782 hora
850 741 1002 800 supreme,

318 849 361 909 sit
380 851 507 911 selieem
527 852 563 912 in
583 854 706 913 tumulo
727 874 841 930 ponere
864 875 937 916 eura
957 877 1046 918 mee:

277 981 363 1042 frons
385 983 550 1045 lacrimosa
568 985 677 1062 placet,
701 987 801 1063 pallor
821 987 1021 1048 dulcissimus
1041 989 1096 1048 ille
1116 992 1183 1050 est:

317 1117 459 1192 proteget
478 1119 511 1176 et
531 1117 635 1178 somni
656 1138 720 1179 non
741 1118 845 1198 gravis
866 1121 979 1180 umbre
998 1121 1110 1184 locum.

1137 1235 1166 1270 H·
1179 1235 1203 1270 B.

711 1664 752 1705 ΟΧ

275 1758 340 1818 Ver
360 1759 441 1819 mihi
461 1761 617 1839 fingebam
638 1762 758 1822 somnis
779 1762 846 1822 sine
867 1763 930 1822 fine
950 1761 1086 1835 moreri3

316 1861 446 1920 naturae
466 1863 587 1922 veteres
607 1861 691 1921 nolle
713 1861 813 1921 redire
833 1861 925 1922 vinee

275 1955 366 2033 nigra
386 1958 551 2019 videbatur
570 1960 659 2022 fumo
679 1959 740 2035 via,
764 1960 854 2036 nigra
874 1959 1014 2036 pruinis:

316 2057 389 2115 ante
410 2057 488 2118 foris
509 2059 644 2136 populus
664 2059 761 2119 verbe
781 2059 882 2118 aliena
903 2058 998 2135 loqui

275 2153 342 2229 ipse
363 2156 474 2217 domos
497 2157 666 2218 hominum
690 2158 781 2234 longe
803 2157 1032 2234 strepitumque
1053 2157 1234 2234 relinquens

314 2253 403 2314 visus
424 2254 459 2313 in
478 2256 664 2316 umbrosum
685 2257 827 2317 sentibus
848 2257 893 2316 ire
914 2276 1041 2330 nemue;

274 2352 416 2413 sentibus
435 2352 575 2430 indignis
594 2354 765 2414 maerentia
785 2359 927 2432 tempora
947 2354 1072 2432 cingor:

313 2452 414 2529 qualis
434 2453 474 2512 ob
493 2452 683 2513 ineolumem
704 2474 822 2531 querna
842 2473 957 2514 corona
975 2453 1090 2515 virum.

272 2548 346 2610 inde
367 2552 576 2612 revertentem
597 2571 689 2612 saeve
709 2572 760 2611 me
780 2573 855 2613 voee
877 2552 1033 2614 laeessunt

314 2650 346 2708 et
366 2649 456 2726 pueri
475 2652 508 2710 et
528 2649 613 2710 canis
634 2651 704 2711 alba
724 2653 846 2711 senecta
866 2650 972 2712 eomie

272 2766 329 2823 per
348 2748 416 2808 fora
435 2768 551 2826 perque
570 2749 639 2810 vies
659 2748 795 2809 trivialia
813 2751 909 2811 verba
929 2750 1080 2810 canebant

317 2847 391 2907 ‘eni
418 2847 475 2907 ubi
495 2850 578 2908 serta
599 2868 709 2925 gerens
729 2849 846 2924 spinea,
870 2849 987 2909 mentis
1008 2848 1119 2924 inops.’

273 2944 390 3004 meniis
410 2944 510 3022 inope,
535 2945 682 3022 omnique
701 2966 797 3006 vocor
816 2947 967 3022 puerilior
986 2966 1069 3007 aevo.

314 3042 384 3101 tum
404 3042 511 3102 visum
531 3045 655 3102 nostrae
676 3063 796 3103 numen
815 3045 921 3104 edesse
941 3033 1019 3104 viae.

271 3139 340 3200 lene
361 3140 554 3200 susurrantis
574 3141 733 3201 fulserunt
753 3161 808 3201 ora
829 3162 884 3218 per
905 3142 1051 3202 umbras:

312 3237 480 3315 arrisitque
500 3258 608 3298 meum
629 3239 761 3299 comiter
781 3239 834 3299 ille
856 3241 960 3302 decus.

266 3336 400 3414 porrigit
418 3337 518 3397 effuso
538 3337 713 3398 radiantem
732 3338 853 3398 lumine
874 3339 1023 3414 dextram,

309 3435 347 3495 fit
367 3435 465 3495 simul
484 3435 628 3512 adposita
646 3435 735 3496 frons
755 3436 896 3498 rediviva
916 3457 1030 3498 manu:

268 3533 340 3594 inde
362 3534 456 3594 refert
475 3555 540 3594 non
561 3534 614 3594 ille
635 3534 744 3595 dolens
765 3534 917 3596 similisve
938 3536 1057 3597 dolenti

308 3633 447 3692 carmina
466 3632 644 3709 pectoribus
664 3633 718 3694 vix
739 3633 886 3710 capienda
906 3635 992 3697 meie.

1086 3748 1110 3781 R.
1123 3747 1154 3780 W.
1168 3746 1192 3781 R.

307 3907 351 3965 12*
