3072 4490
622 313 837 364 OXONIENSIS

603 1221 610 1239 ,
652 1179 769 1222 crxxrv

229 1274 340 1335 Fessus
362 1276 417 1336 ubi
436 1275 471 1334 in
490 1277 632 1352 plumam
654 1277 785 1338 demitto
805 1281 957 1354 tempora,
980 1278 1074 1338 fletus

268 1374 326 1434 hos
347 1374 493 1451 geminus
511 1375 622 1435 Mortis
642 1375 749 1453 dirigit
769 1377 836 1453 ipse
858 1376 963 1453 Sopor.

229 1473 295 1548 ipse
318 1473 416 1550 Sopor
436 1474 595 1549 geminem
616 1474 716 1534 nescit
737 1494 919 1552 cognoscere
939 1475 1093 1536 Mortem:

269 1590 324 1630 nec
345 1570 426 1630 mihi
446 1590 501 1647 per
522 1591 650 1632 somnos
671 1575 707 1632 tu
728 1573 856 1649 periisse
877 1577 974 1650 potes.

228 1668 317 1742 vivis,
342 1671 374 1729 et
394 1669 540 1730 incedens
560 1673 665 1730 tecum
685 1690 751 1731 non
772 1671 837 1733 sola
856 1692 981 1748 pererro

269 1767 334 1827 iam
354 1769 430 1842 loca,
452 1768 506 1828 sed
526 1769 624 1829 lactes
644 1789 714 1828 rore
734 1772 858 1829 recente
879 1770 947 1830 vias
958 1793 966 1845 ;

192 1869 194 1873 “
228 1869 266 1925 ut
286 1885 360 1924 cum
379 1886 467 1925 more
487 1867 582 1926 tubae
602 1867 693 1927 nobis
713 1888 796 1928 nova
816 1869 913 1928 flabra
934 1868 1053 1929 Favoni

269 1984 359 2024 mene
380 1965 572 2024 refulsurum
592 1965 789 2041 praecinuere
810 1966 900 2037 diem.

229 2063 282 2121 sed
303 2063 377 2139 quid
400 2063 581 2139 conspicio?
607 2064 710 2124 media
731 2065 815 2124 inter
835 2065 945 2141 gaudia
964 2065 1062 2126 miror

269 2161 374 2220 nescio
395 2161 471 2237 quid
493 2163 601 2221 vultus
621 2163 788 2222 sollicitare
810 2165 888 2224 tuos.

229 2261 295 2336 ipse
316 2260 424 2320 dolens
445 2260 555 2320 dubito
576 2281 654 2338 quae
675 2261 717 2320 sit
738 2262 821 2321 mihi
842 2281 950 2323 caussa
971 2263 1101 2324 doloris:

270 2379 326 2418 nec
344 2379 474 2435 possum
495 2359 613 2419 somnis
634 2360 748 2420 certior
768 2380 834 2420 esse
856 2361 943 2422 meis.

230 2459 303 2517 ente
324 2460 431 2517 tamen
451 2477 576 2532 campos
597 2477 691 2534 quam
712 2458 837 2535 linquat
857 2459 968 2520 alauda
988 2461 1114 2521 novales

270 2556 394 2632 excitor,
416 2558 449 2615 et
469 2555 572 2630 didici,
595 2556 676 2632 quod
698 2556 841 2618 didicisse
862 2577 992 2633 querar3

230 2653 347 2714 scilicet
365 2654 452 2713 hunc
472 2656 610 2714 veterem
631 2657 739 2714 nostro
761 2654 819 2713 sub
839 2658 962 2731 pectore
982 2657 1104 2716 luctum

270 2751 442 2812 inciderant
463 2752 561 2813 oculis
581 2751 702 2812 somnia
721 2771 802 2812 vanc
821 2753 893 2812 tuis.

1086 2865 1110 2897 R.
1123 2864 1156 2898 W.
1170 2863 1194 2897 R.
