3070 4490
535 443 538 452 ,
630 392 846 440 OXONIENSIS

693 583 792 625 LXXXI

414 677 526 741 Πολλὰ
547 682 603 756 μέν
624 677 680 758 ἤδη
704 683 836 742 συνετῶν
859 677 957 756 ἐφάνη

414 781 530 864 ῥήματα
551 783 679 862 βίβλοις
701 788 767 848 ταῖς
788 808 821 846 τε
843 787 986 849 παλαιαῖς

415 886 668 968 ἐγκεχαραγμένα,
690 891 754 952 ταῖς
778 882 804 947 θ’
826 884 886 966 άμα
908 891 967 949 τῶν
991 891 1051 964 νῦν,

416 989 455 1052 ὡς
476 989 513 1051 τό
535 1015 571 1071 γε
593 991 701 1066 τλῆναι
723 988 786 1051 κατ’
811 989 956 1066 ἀλήθειαν

414 1099 476 1158 τοῖς
498 1093 678 1176 δνδρείοισιν
700 1091 837 1176 ὑπάρχει·

413 1196 553 1261 τοιούσδε
573 1197 683 1278 λόγους
705 1194 924 1275 ἐπιδειξάμενοι

413 1297 504 1387 τέχνῃ
525 1302 646 1387 πιθανῇ,
666 1305 727 1363 τῶν
748 1326 781 1364 τε
802 1305 952 1382 μεριμνῶν

416 1402 580 1485 κηλητήρια
601 1402 700 1482 λύπης
722 1429 755 1468 τε
777 1405 868 1481 κακῆς

415 1507 637 1586 ἐπιβάλλοντες
659 1499 901 1588 παραμυθοῦνται

415 1609 471 1675 τδν
490 1611 674 1691 δυσδαίμονα
696 1615 787 1691 μηδὲν
809 1612 943 1676 ὑπείκειν

415 1720 477 1781 τοῖς
498 1716 672 1799 μόχθοισιν,
696 1717 834 1798 στέργειν
857 1714 882 1780 δ’
905 1716 925 1779 δ
947 1715 1016 1782 θεὸς

416 1823 478 1884 τοῖς
499 1818 631 1898 ἡμερίοις
653 1817 822 1894 ἐπιπέμπει.

417 1921 541 1985 ἀλλὀὐ
563 1924 621 2004 γὰρ
643 1921 695 1986 τὸν
718 1927 894 2004 στυγεραῖσι
917 1921 999 1987 δύαις

416 2027 673 2108 κατατρυχόμενον
695 2026 800 2090 κείνων
823 2027 839 2088 ό
861 2026 966 2107 ψόφος

417 2133 503 2209 αίρει,
526 2128 662 2207 κᾶμουσα
684 2129 765 2212 νόσιρ
789 2134 926 2192 κελαδεῖν

418 2234 558 2312 φαίνεται
581 2233 694 2310 ἄλλως,
717 2229 755 2310 ἢν
776 2233 817 2312 μὴ
841 2233 947 2297 θεόθεν

415 2339 519 2420 ψυχῆς
542 2339 666 2416 θολερᾶς
690 2334 815 2416 κρόφιόν
837 2360 866 2397 τι
888 2332 973 2420 λάβῃ

417 2438 529 2521 θάρσος
550 2438 658 2519 νεαρόν
679 2465 712 2503 τε
736 2436 859 2518 κράτους
881 2437 989 2521 πηγήν,

419 2542 474 2606 κάν
495 2567 540 2608 τις
563 2543 685 2628 ἀπείπῃ,

416 2646 528 2728 βαρέος
550 2647 708 2728 θελκτήρια
731 2650 834 2728 θυμοῦ.

689 3005 802 3047 LXXXII

325 3102 436 3162 Prodit
456 3102 587 3178 pulchra
608 3102 704 3162 Chloe
725 3099 866 3180 (faleor);
889 3120 953 3160 non
973 3101 1041 3177 ipsa
1062 3099 1162 3160 Dione

366 3201 467 3277 surgit
478 3200 626 3276 ·Apelleis
648 3200 809 3275 pulchrior
828 3200 863 3258 in
884 3200 1008 3259 tabulie

326 3319 381 3359 cur
401 3299 517 3358 maiore
537 3301 643 3357 tamen
664 3298 766 3374 tangit
787 3297 950 3357 dulcedine
972 3301 1080 3374 pectus

366 3396 510 3474 Cynthia,
534 3415 667 3472 praeque
688 3396 758 3455 aliis
779 3395 928 3455 omnibus
949 3416 1012 3456 una
1033 3395 1162 3472 plaeel‘?

326 3495 443 3554 scilicet
463 3495 549 3554 illiue
571 3495 735 3555 referentia
756 3495 877 3555 lumina
898 3495 1017 3556 caelum

366 3594 498 3670 pictores
519 3597 679 3670 nequeunt
698 3597 764 3653 arbe
786 3595 899 3654 referre
920 3611 991 3654 sua:

325 3696 357 3752 el
377 3694 497 3770 quolies
518 3692 665 3769 loquitur,
689 3693 807 3752 discors
828 3695 919 3752 sonat
939 3693 1006 3770 ipsa
1026 3691 1183 3770 palumbis

368 3794 433 3851 tam
454 3792 534 3851 bona
554 3811 636 3865 vox3
664 3792 738 3852 adeo
760 3791 882 3852 dulcius
902 3791 958 3851 illa
978 3795 1076 3850 sonat.
