3070 4490
630 382 846 432 OXONIENSIS

695 561 772 602 LXXI

304 680 342 738 A.
373 676 477 739 Καίτοι
501 675 561 740 τόδ’
586 677 696 741 οἶδα-

305 779 339 836 Β.
580 777 610 840 τί
630 777 691 843 τόδ’
716 779 894 856 ἐπίστασαι,
918 780 1043 853 τέκνον;

303 878 339 936 Α.
368 874 446 955 ἄγαν
469 874 496 956 γ’
521 877 624 942 ὁποῖος
647 875 813 959 παρθένους
836 877 910 960 ἔρως
933 879 1008 962 ἔχει,

369 975 418 1039 αἶς
441 975 528 1040 οὐδὲν
549 975 650 1055 ἦσσον
672 975 818 1057 ἀρσένων,
843 978 928 1044 εἰδὼς
950 978 1040 1062 λέγω,

368 1073 403 1137 τὸ
425 1079 537 1142 πιστὸν,
561 1073 721 1156 ἐμπέφυκε·
750 1076 799 1140 καὶ
822 1075 879 1157 γὰρ
902 1076 939 1155 ἦν
961 1080 1051 1158 πατρὶ

370 1173 456 1260 τώμῷ
477 1181 599 1257 γεγῶσα
621 1181 692 1242 παῖς
714 1175 792 1252 ποθ’,
815 1173 853 1255 ἣν
877 1177 983 1257 ἀνδρὸς
1006 1179 1098 1244 πόθος

371 1273 529 1356 κατέσχεν,
553 1276 625 1355 οἶος,
648 1277 675 1338 εἰ
697 1275 772 1358 γυνὴ
795 1276 897 1358 ’τυχον
920 1278 1017 1359 γεγὼς

368 1374 436 1455 έγό,
459 1374 609 1456 κατάσχοι
633 1376 702 1454 κᾶμ’
725 1375 764 1440 ἂν
786 1379 887 1456 ἵμερος
912 1379 1010 1442 σέθεν.

303 1478 337 1535 Β.
367 1475 415 1538 καὶ
437 1478 525 1539 ποῖον
547 1474 595 1554 ἦγ’
619 1477 718 1556 έρῶσα
738 1476 791 1541 τὸν
812 1479 895 1556 βίον,
917 1476 999 1558 λέγε.

304 1577 340 1636 Α.
363 1571 410 1656 ἦγ’
434 1576 525 1657 ὅνπερ
547 1573 628 1656 ἦγεν,
651 1576 683 1640 οὔ
706 1573 763 1657 γὰρ
787 1576 850 1654 οἶδ’,
872 1574 958 1657 ἄναξ,
981 1583 1098 1658 σαφῶς.

369 1673 404 1735 οὗ
425 1673 483 1756 γάρ
505 1675 571 1737 ποτ’
594 1675 699 1754 „fiand
721 1676 784 1742 οἶος
806 1678 908 1755 ἵμερος
931 1675 1001 1758 κέαρ

369 1773 505 1851 ἔδαπτεν,
527 1774 598 1837 ἀλλ’
620 1776 746 1858 ἔκρυπτε
768 1773 831 1858 σῖγ’
853 1776 914 1839 ἔσω
939 1783 1066 1857 φρενῶν,

371 1874 421 1936 ἀεί
439 1900 475 1955 γε
497 1874 639 1938 σύννοιάν
661 1874 715 1939 τιν’
740 1876 943 1955 ένδατουμένη,

370 1972 442 2034 ὥστ’
465 1975 622 2051 έκτακῆναι
646 1974 798 2052 καλλονὴν
818 1974 932 2057 ρέθους,
953 1976 1039 2054 δίκην

367 2073 457 2152 ῥόδου
480 2071 647 2154 φθαρέντος
669 2075 887 2155 όμματοστερεῖ
906 2074 1025 2160 βλάβῃ·

369 2169 449 2256 λύπῃ
471 2170 496 2234 δ’
520 2173 614 2234 ἀεικεῖ
636 2171 857 2255 συγκεκραμένα
880 2176 974 2250 καλῆς

370 2267 483 2350 ἥμειψε
505 2274 611 2352 χροιᾶς
633 2271 734 2346 ἄνθος,
757 2272 897 2352 ὀμμάτων
919 2272 979 2335 ἄπο

369 2369 481 2449 γελῶσ’
505 2369 549 2432 ἔπ’
573 2369 801 2450 ἆγελάστοισιν,
824 2369 996 2453 ἀφθέγκτου
1019 2375 1102 2451 δίκην

372 2471 512 2549 Σειρῆνος
535 2469 567 2532 έν
589 2470 751 2549 τόμβοισιν
774 2469 986 2557 έξῃκασμένης.

371 2569 425 2650 οὐχ
447 2569 542 2647 οὗτος,
565 2571 594 2632 εἵ
613 2595 667 2645 τις,
689 2568 727 2649 ἦν
747 2571 822 2650 ἔρως
842 2574 946 2652 ψυχῆς
968 2571 1051 2644 άπο;

372 2668 470 2749 ὅρκοις
492 2674 641 2750 γυναικῶν
664 2673 712 2734 καὶ
734 2671 838 2752 λόγοις
860 2671 912 2734 οὐκ
934 2669 1000 2735 ἔσθ’
1020 2671 1063 2733 ὅτ’
1084 2671 1118 2734 οὐ

370 2774 534 2850 κρατοῦμεν
556 2770 669 2851 ἄνδρες,
694 2769 775 2834 ἀλλὰ
798 2772 857 2835 κάν
877 2772 993 2836 τούτοις
1013 2771 1108 2835 πλέον

371 2873 530 2934 δοκοῦντας
551 2869 629 2948 ἡμᾶς
650 2867 668 2948 ἢ
692 2870 836 2935 θέλοντας
858 2871 921 2934 ἔστ’
944 2873 1026 2945 ἰδεῖν,

370 2965 464 3030 δειλοὶ
487 2965 512 3030 δ’
534 2968 658 3048 έρῶντές
680 2969 784 3047 ἔσμεν,
805 2970 838 3032 έν
859 2971 964 3048 λόγοις
985 2968 1078 3051 ἄκροι.

307 3070 340 3128 Β.
362 3063 381 3144 ἦ
405 3064 507 3129 κάθαν’
530 3065 548 3144 ἡ
572 3071 651 3142 παῖς,
675 3069 715 3152 τῷ
740 3067 824 3152 πόθῳ
848 3069 1040 3149 δεδμημένη,·

306 3170 342 3228 Α.
369 3166 440 3248 όρᾷς
464 3163 521 3244 ἔμ’,
545 3163 633 3244 ὦναξ,
658 3166 738 3244 πλὴν
761 3165 787 3230 δ’
811 3168 882 3245 έμοῢ
905 3173 1016 3248 πατρὸς
1040 3168 1142 3250 δόμοις

371 3260 469 3330 οὐδεὶς
492 3262 532 3327 ἔτ’
557 3263 619 3327 ἔστ’
644 3264 678 3327 οὔ
702 3267 795 3341 θῆλυς
818 3262 878 3328 οὐδ’
900 3266 996 3347 ἄρσην
1018 3267 1116 3350 γόνος.

372 3364 469 3427 καίτοι
491 3362 552 3430 τόδ’
577 3363 628 3427 οὐκ
652 3361 717 3427 οἶδ’·
749 3361 829 3442 ἀλλ’,
853 3363 938 3446 ἄναξ,
962 3365 1063 3434 θέλεις
1084 3368 1169 3447 μόλω

371 3470 445 3548 πρὸς
467 3463 522 3544 τὴν
542 3467 677 3546 γυναῖκα,
702 3463 773 3529 σοὺς
796 3465 905 3547 λόγους
928 3465 1010 3532 αὖθις
1036 3465 1137 3549 φέρων
1149 3493 1160 3541 ‚·

306 3569 340 3627 B.
372 3563 421 3637 ἴθ’,
445 3564 620 3646 έγκόνησον,
645 3561 773 3646 καὶγὰρ
797 3566 829 3627 έν
852 3569 942 3650 καιρῷ
964 3565 1073 3648 λέγεις,

370 3665 459 3728 λίθον
482 3666 514 3728 δὲ
536 3661 624 3742 τήνδε
646 3669 696 3730 δὸς
716 3665 833 3743 λαβών,
856 3663 991 3746 ἄγγελλε
1015 3666 1047 3728 δὲ

370 3763 497 3845 ἄρνησιν
520 3763 558 3830 ὡς
582 3764 634 3828 οὐκ
657 3764 745 3842 οἶδεν,
768 3765 801 3829 οὔ
823 3763 930 3846 τριβὰς
953 3765 1034 3844 ἔρως.
1146 3796 1168 3830 α.
1182 3799 1206 3830 κ.
