3070 4490
632 383 847 434 OXONIENSIS

710 652 764 694 LVI

280 740 320 801 M.
345 743 428 820 Πρδς
451 747 528 810 θεῶν
550 749 583 813 δὲ
604 753 730 814 παῦσαι·
762 751 815 817 δός
836 777 870 817 τε
892 751 993 830 δεξιάν
1016 755 1092 832 ἐμοί,

345 842 384 909 ὡς
406 845 476 932 τῇδε
498 854 618 932 λυγρῶν
640 852 774 934 δακρύων
794 857 893 936 λείβω
916 857 1034 939 δρόσον,

342 947 410 1024 μηδ’
433 949 470 1012 οῦ
492 951 556 1016 ποτ’
581 956 697 1037 ὄμβρος
719 957 836 1046 ἐμπέσῃ
859 960 1016 1027 διόσδοτος

342 1049 403 1114 τόδ’
425 1052 600 1140 έξαλείψων
620 1064 723 1142 μνῆμα
744 1070 879 1147 λυπηροῦ
902 1064 1024 1131 πάθους.

344 1154 397 1217 εἴθ’
422 1159 517 1241 ὤφελ’
541 1167 574 1229 ἐν
596 1167 635 1251 σῇ
660 1163 740 1250 χειρὶ
763 1172 817 1234 νῦν
839 1169 946 1251 φίλημ’
970 1169 1041 1251 έμδν

343 1261 423 1323 τοῦτ’
446 1265 660 1350 ἐγγεγράφθω,
684 1272 844 1354 συμβόλου
866 1279 1000 1356 σφοδροῦ
1022 1273 1117 1336 πόθου

346 1361 386 1428 ὡς
407 1371 603 1450 μνημονεύοις
627 1374 788 1455 κάφθόνων
812 1376 1032 1460 στεναγμάτων.

344 1467 402 1549 ἔρρ’
426 1472 478 1536 οῦν
500 1473 637 1546 ἄποπτος
660 1479 699 1547 ὧς
722 1479 794 1561 ἐμὴν
818 1483 886 1547 εἰδῶ
908 1483 1011 1556 νόσον,

341 1567 380 1648 ἣν
402 1581 458 1639 σοῦ
480 1580 629 1661 παρόντος
650 1588 744 1662 βαιδν
767 1586 895 1664 εἰκάζειν
918 1587 989 1671 ἔχω,

345 1676 456 1744 σπάνιν
477 1689 574 1764 βορᾶς
597 1686 637 1753 ὡς
659 1687 696 1752 ἄν
718 1714 763 1756 τις
786 1689 986 1774 εύωχημένος·

344 1782 439 1847 καίτοι
463 1785 493 1848 α’
517 1787 632 1869 ἀπάξω,
656 1789 785 1872 φίλτατ’,
807 1791 826 1871 ἢ
850 1793 1058 1876 συμφεύξομαι

344 1882 421 1967 σάφ’
442 1891 518 1970 ίσθι,
541 1891 640 1958 δειυδν
661 1898 735 1976 δρῦν
755 1921 785 1960 τι
806 1897 978 1977 τολμήσασ’
1001 1899 1070 1976 ἕγιύ.

342 1992 406 2055 πῶς
429 1991 455 2055 δ’
477 1993 511 2058 οῦ
533 1993 681 2080 πέφευγα,
704 2004 768 2063 σῦν
790 2001 900 2064 άποῦσ’
922 1997 974 2065 ἀπ’
994 2001 1158 2080 ὀμμάτων,·

344 2090 469 2174 ἄπελθε,
492 2098 573 2180 σίγα·
603 2105 657 2165 νῦν
677 2103 736 2184 γδρ
758 2105 898 2188 οἴχεσθαι
922 2103 1028 2188 χρειόν.

341 2193 382 2272 μὴ
403 2195 444 2276 μή
464 2225 503 2276 με
524 2203 687 2290 προλίπῃς·
713 2203 733 2284 ἦ
754 2205 842 2286 φίλοι
866 2204 1037 2284 θανούμενοι

345 2299 394 2362 ὧδ’
420 2301 607 2388 ἀμπέχονται
628 2310 744 2389 μυρίοις
766 2307 966 2390 άσπάσμασιν

341 2401 441 2480 ἧσσον
463 2410 565 2473 θανεῖν
587 2415 767 2493 στυγοῦντες
788 2409 807 2492 ἢ
829 2412 994 2478 διεστάναι.

343 2511 396 2570 νῦν
420 2507 498 2592 χαῖρ’
520 2512 600 2591 ὅμως
620 2535 680 2594 μοι·
710 2516 840 2600 χαιρέτω
863 2517 896 2582 δὲ
919 2513 967 2605 καί
988 2519 1065 2597 βίος.

302 2657 309 2672 .
343 2607 488 2696 ἥμυρίος
510 2616 647 2701 πέφευγα
670 2618 706 2698 δὴ
729 2617 828 2703 φυγὰς
850 2622 921 2703 έγό,

341 2716 412 2789 μίαν
434 2716 462 2798 γ’
487 2719 623 2798 ἄνακτος,
647 2727 703 2786 σοῦ
724 2725 758 2788 δὲ
781 2721 830 2788 καὶ
852 2724 971 2790 πολλὰς
993 2726 1102 2808 τυχόν.

341 2817 412 2879 ἀλλ’
435 2819 470 2882 οὗ
491 2822 583 2889 πόλιν
604 2823 723 2906 ποθοῖμ’
744 2826 790 2904 ἄν,
812 2823 850 2906 ἢν
871 2828 910 2892 σδ
931 2827 1017 2905 τῆσδ’
1038 2829 1126 2914 άπῇς·

341 2925 398 2982 σοῦ
419 2924 477 3004 γὰρ
500 2926 652 3007 φερούσης
674 2931 827 3012 ἄμβροτον
849 2928 1009 3009 ξυνουσίαν

341 3023 469 3107 συχνοὺς
492 3019 590 3111 ἔχοιμ’
611 3027 649 3093 δν
671 3029 726 3094 κᾶν
747 3033 853 3118 έρημίιρ
875 3033 994 3114 φίλους·

341 3125 416 3190 ὅπου
437 3127 495 3211 γάρ
516 3127 562 3216 ᾖς,
585 3133 710 3196 ἐνταῦθα
732 3134 874 3219 τυγχάνει
897 3137 968 3216 βίος

341 3231 491 3297 κάνταῦθα
513 3239 609 3298 πᾶσαι
632 3235 837 3318 συμμένουσιν
855 3239 968 3319 ἡδοναί·

341 3335 411 3399 ὅθεν
434 3335 459 3400 δ’
483 3337 626 3418 ἄπέστης,
650 3339 723 3404 ἔνθα
744 3345 906 3424 δυστερπές
927 3349 962 3407 τὸ
984 3347 1053 3410 πᾶν.

340 3442 393 3503 νῦν
414 3439 473 3522 χρὴ
497 3445 625 3506 σιωπᾶν·
655 3443 726 3506 ἄλλ’
748 3427 831 3509 ιύναιο
855 3451 906 3511 τοῦ
928 3449 1009 3528 βίου,

340 3544 399 3624 ἐγὼ
422 3541 447 3606 δ’
469 3545 594 3626 όναίμην
618 3551 674 3610 σοῦ
695 3547 788 3627 μόνον
811 3549 908 3629 ζώσης
932 3551 986 3614 ἔτι.

1087 3669 1113 3704 Δ.
1132 3669 1153 3703 J.
1170 3671 1194 3705 Β.
