3094 4494
642 372 860 420 OXONIENSIS

714 816 785 858 XVII

290 923 341 982 Sic
362 922 559 997 intempesta,
584 940 680 997 quam
700 921 794 998 longe
814 924 870 996 est,
894 923 985 981 nocte
1005 941 1061 997 per
1081 920 1166 982 auris

290 1021 381 1081 litore
403 1020 557 1080 harenoso
579 1019 714 1079 mittunt
735 1039 809 1096 cave
829 1038 996 1079 murmura
1016 1019 1131 1079 fluctus
1142 1041 1151 1093 ;

290 1119 409 1180 interna
428 1113 519 1177 miris
540 1116 730 1177 clamoribus
751 1119 842 1178 antra
863 1117 1017 1177 resultant

290 1216 404 1291 abdita,
429 1235 485 1276 nec
505 1215 607 1293 mergi
627 1215 746 1275 circum
766 1215 990 1276 increbrescere
1012 1218 1141 1292 questus

291 1316 450 1389 cessabat3
478 1313 575 1374 semel
594 1316 627 1374 et
647 1314 730 1374 risus
752 1314 860 1374 audire
880 1314 1010 1374 videbar

293 1413 458 1490 Nymphae
478 1412 668 1473 inludentis:
697 1415 768 1472 tum
789 1413 881 1472 dorsa
902 1412 1033 1473 latentia
1055 1411 1138 1473 saxis

292 1512 376 1571 unda
396 1511 471 1572 ferit
491 1511 584 1572 solito
603 1511 780 1584 violentior,
803 1515 837 1571 et
856 1511 919 1571 cita
939 1514 1023 1573 retro

292 1614 329 1670 ut
349 1613 493 1671 monstro
513 1609 658 1670 veniente
679 1609 848 1670 relabitur:
876 1610 929 1670 ille
950 1630 1006 1686 per
1026 1611 1127 1671 undas

293 1709 377 1768 haud
399 1709 506 1768 aderat
526 1710 641 1783 tamen,
664 1711 697 1768 et
717 1708 801 1769 caelo
823 1709 887 1768 iam
907 1711 1061 1770 exhausta
1081 1709 1197 1785 refugit
1225 1763 1226 1768 ,

292 1807 375 1882 luna,
399 1807 454 1869 sed
475 1807 509 1867 in
530 1806 666 1882 scopulis
687 1806 772 1866 idem
792 1806 857 1866 iam
877 1807 1010 1884 plangor
1029 1810 1062 1867 et
1082 1807 1167 1867 idem

293 1909 419 1966 cantus:
448 1925 499 1966 me
520 1925 623 1981 rupes,
648 1924 743 1982 quam
763 1905 813 1965 vis
833 1905 908 1965 terit
928 1906 1067 1983 undique
1088 1907 1186 1982 ponti,

293 2004 360 2066 sola
380 2007 466 2064 tenet
485 2003 697 2080 monstrisque
718 2003 881 2064 horrentia
900 2023 1061 2064 marmora
1081 2004 1220 2082 cingunt

292 2104 362 2162 tum
383 2102 511 2162 demum
533 2105 606 2162 ante
626 2121 726 2164 novos
747 2104 843 2177 ortus,
868 2109 941 2162 cum
963 2102 1088 2163 densior
1109 2103 1234 2177 umbra,

294 2221 381 2261 mors
397 2201 452 2261 ubi
469 2203 615 2278 prompta
631 2199 740 2277 aegris,
760 2220 833 2260 cum
849 2199 904 2261 vix
923 2201 1006 2260 mibi
1022 2201 1103 2260 fessa
1119 2203 1255 2261 retentat

293 2299 415 2359 lumine
429 2299 507 2376 quin
528 2319 640 2360 somno
661 2299 771 2358 cedant
792 2298 897 2373 timor,
920 2318 1027 2376 aspera
1048 2318 1123 2360 saxo

294 2397 449 2458 scinditur
469 2398 560 2472 unda,
584 2397 742 2474 marisque
763 2396 797 2456 in
818 2399 929 2475 stagna
949 2400 1090 2458 extrema
1109 2401 1215 2460 vorari

295 2500 362 2556 tota
382 2495 547 2556 videbatur
567 2494 670 2571 facies,
693 2498 725 2554 et
746 2495 871 2555 condita
892 2495 1011 2556 circum

295 2614 369 2656 saxa
389 2594 586 2670 apparebant,
610 2593 742 2670 visuque
763 2593 908 2670 immane,
932 2595 1097 2655 trementis

295 2696 366 2753 ante
388 2691 494 2752 oculos
515 2691 619 2752 subito
641 2711 769 2767 serpens
790 2693 941 2752 obscenus
960 2693 1115 2753 abundis

296 2791 455 2852 horrentis
475 2809 621 2868 squamas
641 2794 734 2868 atque
756 2811 811 2850 ora
831 2791 966 2850 minacia
985 2791 1079 2851 tollit

295 2888 441 2965 turpibus
461 2889 493 2948 et
514 2889 608 2965 spiris
628 2891 695 2948 tam
714 2891 805 2950 vaste
824 2889 989 2950 volumine
1008 2890 1135 2966 torquet

296 2991 333 3047 ut
353 3006 423 3047 mea
442 2985 497 3050 vix
518 3006 626 3046 omnes
647 2987 770 3063 possint
789 2987 913 3062 explere
934 2987 1051 3048 tuendo

296 3085 417 3146 lumina
438 3085 590 3144 terrores:
617 3084 702 3144 visae
723 3103 853 3143 manare
875 3103 1019 3145 cruorem

296 3185 467 3244 immensae
488 3182 624 3242 monstri
643 3182 758 3255 fauces,
781 3182 924 3260 oculique
944 3182 1085 3244 furentes

296 3281 446 3360 sanguine
467 3301 523 3342 ceu
543 3280 635 3341 calidi
655 3299 808 3360 saevaque
829 3280 958 3342 libidine
978 3282 1121 3360 flagrant.

1145 3393 1178 3430 W.
1189 3393 1219 3428 11.
