3070 4490
630 394 846 443 OXONIENSIS

717 695 749 736 121

275 790 336 850 Illa
356 789 461 868 gravis
482 789 579 849 traxit
599 810 663 849 nox
682 793 715 850 et
736 791 848 851 devota
868 791 985 851 furenti

314 892 415 949 morte
437 889 610 949 sacerdotes
630 888 854 966 fatidicamque
876 909 982 966 genus.

273 1006 338 1046 non
359 987 423 1047 iam
444 1007 499 1064 per
519 987 622 1062 silvas,
647 1005 711 1048 non
731 988 796 1047 iam
815 987 970 1048 viridante
991 989 1050 1048 sub
1071 990 1183 1049 umbra

216 1147 219 1152 Δ
312 1085 463 1146 viderunt
484 1085 606 1146 reducis
626 1085 758 1146 candida
777 1086 919 1146 membra
939 1087 1021 1146 deae.

271 1184 359 1244 venit
380 1184 525 1262 inersque
546 1184 612 1244 dies
632 1187 703 1244 tum
723 1184 863 1261 primum
883 1186 916 1244 et
937 1185 1061 1245 decolor
1081 1187 1173 1259 aetas

314 1283 427 1360 oppida
448 1283 625 1360 conripiens
645 1302 780 1360 ruraque
800 1285 870 1343 tuta
889 1282 959 1344 viis.

271 1379 337 1440 vita
357 1381 508 1459 vigorque
528 1381 618 1458 perit,
642 1401 843 1458 gemmasque
863 1401 901 1442 ex
921 1400 994 1441 vere
1014 1382 1147 1442 recentis

312 1499 421 1556 aspera
441 1483 611 1557 tempestas
632 1483 753 1540 usserat
773 1482 846 1541 ante
868 1480 960 1542 diem.

269 1579 380 1638 aestivi
400 1599 473 1638 cum
493 1581 579 1655 peste
600 1579 689 1638 sitim
710 1599 784 1638 mox
804 1598 950 1656 spargere
971 1578 1061 1654 solos,

311 1679 397 1736 cocta
416 1697 516 1754 neque
537 1677 683 1738 autumni
704 1696 760 1736 nec
781 1677 844 1736 fuit
863 1658 969 1754 ainpla
989 1697 1098 1753 penus.

271 1775 383 1835 clausit
403 1778 436 1836 et
456 1775 602 1836 hibernae
623 1776 707 1836 nivis
727 1775 927 1836 inclementia
946 1776 1075 1853 egentis,

310 1893 432 1951 uvaque
452 1873 615 1949 sordidior,
639 1893 712 1933 cum
732 1873 894 1950 legeretur,
916 1877 992 1934 erat.

271 1991 404 2048 cumque
425 1972 537 2032 ovibus
557 1972 705 2048 conrepta
726 1970 793 2029 lues
814 1973 956 2030 armenta
977 1971 1128 2045 trahebat,

310 2069 394 2146 pisce
414 2072 498 2130 caret
518 2089 587 2130 sero
608 2070 721 2129 cumba
741 2069 868 2129 reducta
888 2069 1027 2130 domum.

269 2188 408 2245 quaeque
428 2169 537 2229 valens
557 2169 659 2228 fuerat
680 2188 736 2227 neo
757 2169 854 2245 ponto
876 2168 1009 2227 obnoxia
1029 2169 1151 2246 puppis

310 2287 439 2345 spumea
459 2267 614 2344 navifragi
633 2268 698 2327 iam
718 2267 835 2344 premit
856 2267 903 2326 ira
922 2267 990 2326 sali.

269 2385 384 2443 perque
405 2367 607 2427 tabernarum
627 2365 695 2426 loca
715 2365 828 2425 mercis
849 2365 955 2426 inania
976 2385 1074 2442 caupo

309 2465 446 2540 pallidus
466 2468 499 2524 et
519 2465 602 2524 curis
623 2464 736 2525 anxius
758 2464 824 2523 ibat
844 2464 923 2525 iter:
1100 2465 1103 2472 '

268 2563 415 2624 horrebat
435 2563 572 2624 tenebris
593 2584 646 2624 661·
666 2563 802 2640 caelique
823 2563 915 2623 ruina

308 2663 495 2741 venturique
516 2663 612 2723 silens
633 2661 754 2740 ingruit
774 2663 886 2722 umbra
906 2662 990 2722 mali.

1135 2773 1160 2806 R.
1174 2772 1197 2806 Ε.

703 3214 749 3255 ΙιΙΙ

269 3309 315 3369 Ne
337 3311 379 3370 sit
399 3331 504 3388 amare
524 3310 610 3370 viros
630 3330 730 3388 curae,
755 3310 921 3387 studioque
942 3311 1051 3384 teneri,

308 3411 461 3487 quotquot
481 3410 599 3469 habent
619 3409 726 3486 culpas
747 3409 781 3468 ni
801 3409 935 3468 tolerare
956 3410 1049 3469 sodet.

267 3509 317 3567 est
337 3508 392 3567 ubi
411 3528 554 3569 morosos
574 3508 656 3568 livor
677 3509 759 3585 capit
779 3507 906 3568 invidus
926 3508 999 3567 illos

309 3625 408 3682 quum
429 3607 476 3666 nil
497 3606 581 3684 quod
602 3605 729 3682 proprio
749 3607 816 3666 iure
837 3609 1010 3683 querantur
1030 3607 1156 3666 habent.

269 3707 316 3762 est
336 3704 391 3764 ubi
413 3706 574 3765 demisisse
596 3707 689 3781 caput
709 3705 805 3780 iuvat,
829 3705 936 3782 iraque
957 3705 1052 3765 verba

308 3822 387 3879 quae
408 3803 521 3864 dixisse
542 3804 639 3880 pudet
659 3805 824 3880 postmodo
846 3823 938 3864 saeva
959 3802 1040 3863 iacit.
