3094 4494
642 376 857 426 OXONIENSIS

710 652 790 694 xm

329 749 381 810 sic
402 748 453 824 ait,
477 748 637 810 arridens:
665 748 813 826 plausum
832 745 1100 826 ingeminavimus
1121 744 1199 821 ipsi:

288 892 320 951 at
340 909 436 967 parva
457 891 596 967 ingentis
617 889 724 950 Ultrix
745 889 902 966 procurrit
923 888 958 948 in
977 888 1079 949 hostis

286 1049 341 1105 per
360 1029 542 1106 mediosque
564 1029 645 1090 ruit:
666 1027 717 1089 cui
738 1031 866 1089 centum
886 1027 926 1098 ad
946 1031 1084 1090 transtra
1105 1028 1227 1088 sodales

287 1171 381 1244 stant,
405 1169 490 1230 avidi
511 1168 652 1230 conferre
673 1189 815 1245 manum,
838 1188 911 1247 pars
932 1170 1033 1229 cetera
1054 1169 1087 1228 in
1110 1168 1199 1228 alveo

288 1329 380 1386 aegra
400 1310 487 1371 iacet.
531 1309 651 1370 circum
673 1309 782 1370 dextra
801 1309 951 1386 laevaque
972 1309 1154 1387 frequentes

287 1449 418 1510 hostiles
438 1449 561 1511 inhiare
582 1453 672 1511 rates.
715 1470 771 1527 per
791 1450 939 1528 aplustra,
963 1470 1020 1528 per
1039 1450 1141 1510 undas

289 1589 432 1666 protinus
450 1591 520 1667 ipsa
540 1591 612 1667 ruit,
636 1591 828 1669 moliturque
848 1589 982 1668 impigra
1003 1610 1138 1650 cursum.

289 1738 445 1815 plurimus
465 1739 575 1801 irridet
595 1739 687 1800 miles
708 1741 746 1800 de
767 1740 925 1818 puppibus
946 1740 1027 1800 altis

290 1883 447 1960 plurimus
468 1884 578 1944 audaci
599 1884 739 1946 convicia
758 1889 856 1945 nauta
876 1885 1004 1962 phaselo

289 2028 420 2106 ingerit:
449 2029 505 2088 illa
525 2030 618 2106 subit,
642 2050 707 2090 non
728 2029 902 2090 enarrabile
924 2031 1013 2090 eunti

290 2175 367 2233 dum
387 2174 471 2234 latus
491 2174 669 2252 aeriamque
691 2173 820 2252 opponit
841 2173 953 2251 Caspia
972 2173 1098 2250 molem,

290 2317 408 2377 montis
429 2337 514 2394 opus,
540 2318 590 2378 cui
610 2319 780 2396 multiplici
800 2317 988 2378 creberrima
1008 2338 1103 2380 versu

290 2459 437 2520 machina
457 2461 568 2520 Martis
587 2462 664 2523 hiat.
709 2461 924 2540 superingruit
943 2461 1006 2538 illa,
1031 2483 1089 2523 nec
1110 2463 1195 2522 ultra

290 2605 360 2664 vela
380 2607 473 2666 notos
493 2605 626 2682 implere
647 2607 741 2669 sinit:
769 2606 856 2666 stetit
878 2626 1011 2686 aequore
1031 2607 1130 2667 navis.

331 2749 379 2808 Ac
399 2750 502 2809 veluti
522 2750 630 2826 nubes,
654 2751 750 2812 Pater
769 2751 852 2810 unde
873 2751 1018 2810 sonantia
1038 2751 1133 2827 longe

290 2894 354 2952 tela
373 2893 486 2953 iterare
506 2898 604 2971 parat,
629 2895 673 2955 sic
694 2914 753 2955 nos
773 2915 869 2973 super
888 2894 1091 2972 impendebat

292 3038 410 3116 Caspia.
455 3041 488 3099 at
507 3038 618 3098 hostili
638 3059 757 3116 puppes
778 3059 796 3098 e
817 3039 915 3098 classe
936 3041 1112 3116 quaternae,

292 3186 401 3244 dextra
423 3183 606 3257 duceretis,
631 3183 803 3261 emergunt,
827 3182 1023 3259 totidemque
1044 3183 1173 3244 sinistra

292 3349 426 3408 aequora
446 3328 593 3402 sortitae;
621 3327 782 3405 prorisque
802 3347 821 3387 a
842 3329 991 3405 quattuor
1011 3328 1096 3388 idem

291 3471 434 3548 prorupit
453 3470 559 3548 fragor
580 3488 615 3528 ac
636 3467 722 3529 rauci
742 3487 804 3530 vox
824 3468 925 3529 ferrea
945 3469 1064 3530 Martia.

333 3615 398 3675 Nec
419 3617 527 3674 tamen
546 3614 614 3692 ipsa
635 3613 690 3674 diu
710 3633 843 3675 vesanae
864 3616 974 3692 Caspia
993 3633 1116 3693 pugnae

292 3760 430 3826 suffecit:
458 3762 548 3820 tanta
568 3761 750 3838 turgescunt
769 3759 889 3821 viscera
908 3762 1015 3835 peste:
