3070 4490
632 377 847 426 OXONIENSIS

731 555 786 596 mv

603 651 693 726 Tum,
717 654 748 711 te
770 651 895 726 deiecta,
919 653 1082 727 parentem

235 768 329 826 quam
350 769 416 808 non
437 748 560 808 felicem
580 749 807 826 volucrumque
828 748 1056 828 hominumque
1076 749 1210 810 vocavi?

235 847 312 924 quin
332 847 430 908 laetae
451 847 564 908 catulis
585 847 687 907 invidi
707 850 824 907 maesta
844 848 977 923 leaenae,

235 945 311 1022 quin
331 948 440 1006 natam
460 945 622 1021 abreptam
643 965 795 1023 quaerens
817 965 989 1023 regumque
1009 965 1065 1022 per
1085 946 1163 1006 ultas

234 1043 319 1103 ibam
339 1063 448 1104 amens
468 1043 555 1103 aulas
576 1045 783 1120 congestaque
805 1043 938 1119 caespite
958 1046 1047 1104 tecta

234 1161 324 1219 saepe
345 1143 433 1201 tuam
455 1141 613 1218 querulus,
637 1161 701 1201 nox
722 1161 795 1201 cum
815 1141 1005 1218 intempesta
1026 1142 1140 1217 sileret,

233 1259 406 1300 mammam
427 1240 533 1300 infans
553 1239 669 1314 hausit,
693 1243 840 1316 totusque
862 1242 988 1317 repente
1009 1242 1135 1302 recessit

233 1359 250 1396 e
271 1338 361 1399 venis
381 1339 530 1398 morbus:
558 1338 681 1414 stupuit
701 1358 813 1399 somno
834 1339 934 1399 excita
953 1341 1061 1399 mater.

233 1436 306 1496 inde
327 1438 387 1497 sub
407 1436 608 1497 horrisonam
628 1437 759 1498 ventoso
781 1457 945 1497 murmure
966 1442 1090 1498 noctem

233 1538 429 1612 egressa-et
450 1535 570 1595 medios
591 1555 701 1595 cursus
720 1556 787 1596 nox
807 1537 875 1596 atra
895 1537 1060 1596 tenebat-

233 1654 308 1692 voce
328 1653 405 1694 voco
426 1637 545 1704 ventos,
570 1637 682 1694 ventos
703 1653 772 1694 mea
792 1633 924 1711 pignora
945 1654 1047 1710 posco,

237 1735 348 1809 ‘quem
368 1731 513 1808 fremitia,
537 1733 627 1792 vobis
648 1733 730 1792 unde
752 1733 828 1792 haec
848 1733 972 1793 insania
992 1732 1140 1792 luctus?'

234 1831 438 1907 quaerebam:
470 1833 551 1891 ‘non
566 1833 649 1891 unde
663 1833 739 1890 haec
752 1851 926 1906 murmura,
944 1852 1009 1891 non
1028 1836 1084 1891 tua
1101 1851 1162 1908 qua
1181 1834 1231 1906 sit,

233 1928 401 2003 novimus,'
423 1929 589 1990 horrisono
611 1930 803 2006 respondent
823 1949 987 1988 murmure
1007 1930 1103 1990 venti

232 2027 397 2087 conscendi
417 2029 561 2104 scopulos
581 2047 772 2105 magnasque
794 2027 941 2087 obeuntia
960 2030 1060 2088 terras

232 2126 397 2200 poscebam
422 2127 604 2205 ‘gemitisne
626 2127 751 2187 meam’
771 2127 860 2186 vasta
880 2146 1014 2202 aequora
1036 2128 1203 2186 ‘natam'?’

236 2225 368 2300 ‘pignus
389 2224 444 2285 ubi
464 2228 610 2284 nostrum
630 2226 720 2285 est?’
742 2224 890 2301 omnique
911 2244 929 2283 a
950 2223 1042 2284 litore
1064 2244 1173 2284 rursus

231 2322 329 2383 inscia
349 2323 530 2384 multisonis
549 2324 698 2400 immugit
718 2323 896 2399 planctibus
916 2323 1017 2384 unda:

233 2421 363 2498 ‘pignus
383 2421 479 2482 ubi?'
500 2421 583 2482 aerio
604 2422 798 2498 speculatae
819 2421 936 2482 vertice
957 2421 1076 2481 montis

230 2539 305 2579 mox
325 2519 421 2580 etiem
442 2520 527 2581 foliis
548 2520 610 2598 legi
631 2521 829 2598 nigrantibus
849 2521 995 2581 umbram

231 2619 402 2680 silvarum:
430 2640 495 2681 non
516 2622 607 2680 antra
627 2621 711 2689 adeo,
733 2640 799 2679 non
820 2619 955 2679 claustra
976 2617 1128 2694 sepulcri¹

229 2717 416 2794 intemptata
436 2718 525 2792 mihi,
545 2717 621 2795 quin
643 2720 676 2778 et
695 2717 887 2794 pluvialibus
907 2716 1016 2776 haedis

229 2817 331 2876 multa
351 2837 446 2892 super
466 2817 575 2877 nimbo
596 2817 704 2876 labens
726 2817 853 2876 delubra
874 2835 930 2891 per
949 2815 1060 2875 urbem

229 2915 336 2974 audivi
355 2935 446 2975 voces
467 2915 643 2988 hominum,
668 2915 781 2992 quibus
802 2914 878 2974 orba
897 2913 1037 2986 vocabar,

229 3017 363 3072 matrem
384 3013 606 3088 appellantum‚
630 3015 766 3073 matrem
786 3015 954 3088 natamque
976 3013 1169 3087 gementum.

228 3111 303 3170 hinc
323 3130 438 3170 vacuos
458 3113 577 3170 tractus
598 3130 672 3170 arva
693 3114 725 3169 et
745 3109 919 3186 squalentia
939 3109 1048 3182 lustro,

228 3229 361 3286 parsque
381 3209 443 3268 fuit
464 3227 611 3268 curarum
632 3207 766 3267 humani
787 3227 861 3266 cura
882 3206 1006 3282 doloris,

228 3308 384 3384 plurimus
405 3309 442 3366 ut
463 3309 556 3382 rupto
577 3306 738 3366 fronderet
759 3305 869 3365 limine
889 3305 1002 3382 vepria,

227 3409 264 3464 ut
284 3406 417 3465 fractam
437 3406 521 3465 flexu
542 3424 671 3481 serpens
692 3405 840 3465 horrente
862 3404 1042 3464 columnam

227 3504 403 3581 stringeret,
427 3524 518 3564 exeso
539 3505 715 3580 perreperet
738 3523 808 3563 ossa
828 3503 954 3564 cerebro

228 3603 380 3679 scorpius.
421 3603 456 3662 in
477 3602 563 3680 putri
584 3602 693 3680 tigrim
713 3601 781 3662 vidi
800 3602 869 3678 ipsa
890 3601 1003 3662 sacello

228 3705 259 3760 et
278 3701 414 3761 laceram
434 3701 578 3780 effigiem,
603 3701 686 3761 saltu
709 3720 781 3761 cum
801 3701 913 3761 territa
933 3699 1031 3778 fugit:

227 3803 257 3860 te
279 3818 443 3878 nusquam.
1082 3823 1114 3859 w.
1127 3823 1153 3858 a.
1166 3824 1194 3860 Η.
