3072 4490
632 377 847 425 OXONIENSIS

710 837 771 878 ΟΠ

282 933 365 991 Tum
386 931 502 1010 refugit
524 934 656 1010 Ganges,
682 931 784 993 oriens
805 935 876 992 tum
897 931 1049 1010 quidquid
1069 953 1222 1011 aquarum

281 1030 330 1089 sol
350 1031 443 1107 videt,
467 1033 499 1090 et
519 1034 665 1108 repetunt
686 1030 875 1108 trepidantia
896 1031 1027 1090 fiumina
1048 1031 1153 1092 fontis.

281 1129 409 1189 insolita
428 1129 556 1206 penitus
576 1132 647 1190 tum
666 1130 736 1190 risa
755 1128 916 1188 rubescere
937 1128 1004 1189 luce

282 1247 338 1287 axe
359 1228 418 1287 sub
438 1229 556 1288 Arctoo
577 1229 731 1305 quotquot
751 1227 894 1305 glacialia
912 1231 1046 1304 surgunt

281 1326 430 1400 culmina,
450 1346 527 1386 nam
547 1327 609 1386 late
631 1329 752 1402 septem
773 1326 912 1386 subiecta
932 1326 1031 1386 trioni

282 1425 371 1500 (quae
393 1423 460 1485 loca
479 1445 543 1485 nox
563 1425 723 1484 semestris
743 1424 839 1484 habet
858 1424 1026 1500 tristesque
1047 1425 1203 1504 tenebrae)

281 1523 361 1581 celsa
381 1522 462 1600 iuga,
485 1525 518 1583 et
538 1523 644 1600 clivos,
668 1528 701 1583 st
720 1523 872 1601 piniferos
892 1543 1038 1598 secessus,

281 1623 351 1680 tum
372 1621 517 1682 rutilasse
538 1623 644 1682 ferunt
664 1624 793 1700 totoque
814 1623 972 1682 ardescere
992 1623 1084 1683 caelo.

280 1720 364 1779 haud
386 1720 456 1779 aliis
478 1720 555 1781 olim
576 1721 695 1781 facibus
716 1721 831 1781 devexa
851 1721 998 1797 polorum

279 1818 403 1878 exitiale
424 1838 537 1896 agmen
558 1819 668 1878 Furias
689 1820 850 1879 decurrere
872 1820 985 1895 credas,

280 1919 373 1993 atque
392 1919 606 1977 extremorum
625 1918 706 1977 ferre
728 1920 912 1994 argumenta
932 1918 1100 1979 malorum.

280 2015 408 2092 corripit
427 2015 510 2093 ignis
531 2035 641 2092 agroe3
668 2019 811 2093 segetum
831 2017 907 2076 tunc
927 2017 1034 2076 fumus
1054 2017 1090 2076 in
1109 2035 1200 2076 auras

280 2113 419 2174 Volcano
440 2114 580 2191 rapiente
601 2114 688 2174 volat
708 2133 845 2173 messore
866 2114 1003 2175 sinistro.

279 2213 316 2271 lit
336 2213 465 2289 propior
484 2213 642 2290 strepitus,
666 2212 755 2272 nullo
776 2212 965 2288 moderante,
990 2215 1131 2273 rotarum

279 2312 411 2372 exitium
430 2313 628 2390 stragemque
649 2312 783 2388 minans,
808 2313 905 2372 simul
924 2311 1062 2389 undique
1083 2311 1201 2372 clamor

279 2410 410 2469 urbibus
430 2409 565 2470 incensis
581 2410 748 2470 hominum
769 2412 807 2471 fit
827 2411 895 2470 dira
914 2412 1107 2488 precantum,

281 2529 360 2586 quos
380 2509 445 2587 agit
465 2510 649 2570 innumeros
672 2511 751 2569 Orco
772 2510 922 2570 Volcania
941 2509 1047 2586 pestis.

277 2628 352 2668 mox
373 2608 460 2669 Iovis
481 2608 607 2668 advenit
626 2609 760 2685 plangor
779 2609 949 2686 productus
969 2608 1009 2667 ad
1029 2607 1166 2682 auris,-

278 2707 331 2766 ille
352 2707 446 2768 deum
466 2708 589 2767 medius
610 2709 701 2767 coetu
722 2708 865 2784 cingente
885 2707 1064 2782 sedebat,—

280 2806 357 2865 dum
378 2809 491 2882 stupet,
515 2825 564 2881 en,
588 2809 692 2866 aestus
713 2806 817 2866 subito
837 2805 925 2866 velut
945 2804 1046 2864 imbre
1068 2804 1196 2865 cadente

280 2906 405 2979 quassat
425 2904 624 2981 Olympiacos
645 2903 771 2981 obliquo
790 2904 918 2964 verbere
938 2923 1055 2980 muros,
1292 2885 1294 2894 ¹

279 3002 385 3060 omnia
406 3022 467 3079 quo
488 3002 550 3061 late
571 3003 748 3062 fervescunt
762 3003 823 3061 icta
842 3021 965 3078 vapore,

279 3119 392 3160 aureus
412 3103 443 3160 et
464 3100 611 3178 splendor
630 3100 727 3160 vestit
747 3099 904 3177 laquearia
923 3101 1007 3160 caeli

276 3200 344 3258 tota
364 3198 583 3258 columnarum
603 3199 791 3258 densissima
812 3199 893 3259 silva
913 3198 1053 3275 refulget,

241 3282 243 3286 ’
279 3301 322 3374 ut,
346 3299 375 3358 si
395 3299 474 3359 forte
495 3318 607 3358 nemus
626 3298 751 3375 piceum
771 3298 1002 3374 comprenderit
1021 3298 1113 3374 ignis,

277 3401 380 3458 exstat
400 3418 538 3476 quaeque
559 3417 617 3458 suo
637 3396 829 3458 circumdata
849 3397 968 3457 lumine
988 3396 1092 3474 pinus.

1113 3528 1133 3562 J.
1146 3527 1172 3561 Y.
1183 3526 1204 3562 8.
