3070 4490
628 383 843 434 OXONIENSIS

701 651 769 691 LVII

276 744 442 805 Caeruleae
462 746 599 822 pendent
620 745 824 824 prasinaeque
844 765 901 822 per
920 744 1002 806 atria
1020 746 1141 805 vestes:

276 849 328 910 hie
348 851 474 912 radians
494 854 612 913 aestate
632 852 698 912 dies
717 851 839 913 intexta
859 851 992 927 ridetur,

275 960 467 1035 venatorque
487 958 688 1035 pharetratus
708 959 793 1020 canit
813 979 867 1020 ore
886 958 1024 1020 tumenti

275 1083 374 1125 cornu
389 1085 522 1126 curvum
535 1066 660 1127 inflans.
704 1066 780 1126 haee
798 1065 889 1143 nigro
908 1084 1018 1126 scaena
1031 1063 1145 1125 rubore
1158 1069 1225 1139 est;

275 1173 393 1231 tractus
414 1171 611 1248 harenarum,
635 1170 702 1233 sola
722 1175 754 1233 et
773 1171 939 1249 spatiantis
958 1168 1069 1232 inille

275 1277 377 1338 forma
396 1277 465 1353 viri,
490 1298 546 1338 eeu
566 1279 620 1356 qui
639 1282 724 1340 terra
743 1279 888 1356 nigrante
907 1280 1029 1338 teneret

276 1403 398 1460 semper
417 1385 486 1460 iter,
511 1385 588 1446 dum
609 1405 725 1464 magna
744 1387 809 1447 ime
829 1385 922 1446 rubet
942 1385 1067 1445 aethere
1087 1384 1170 1445 luna.

275 1485 364 1557 parte
385 1483 448 1542 alia
466 1483 602 1544 fractum
623 1484 701 1544 litus
720 1483 866 1562 pulsique
886 1483 1012 1544 videtur

275 1589 320 1647 ira
341 1590 439 1649 maris
450 1613 458 1665 ;
486 1591 592 1651 credas
612 1591 727 1676 fluetus
747 1591 855 1651 audire
876 1590 1016 1651 cadentis

275 1696 491 1773 surgentisque
511 1716 616 1759 moras
637 1701 753 1772 eontra,
776 1697 925 1776 fusosque
944 1697 1066 1775 fragore

275 1801 434 1864 horrende
454 1804 553 1864 vastis
572 1807 704 1865 ventosa
723 1805 758 1866 in
780 1807 869 1865 caute
890 1805 1040 1866 cavernis.

274 1908 327 1968 hie
348 1908 478 1986 plenum
498 1909 604 1971 videas
625 1930 751 1972 amnem
772 1931 868 1971 curvo
889 1910 1014 1989 agmine
1034 1911 1116 1972 lente

275 2015 329 2092 ire,
353 2037 410 2094 per
429 2016 593 2078 immensis
614 2019 756 2078 armenta
776 2018 937 2096 sequentia
957 2018 1092 2094 eampis3

274 2127 410 2184 serratos
431 2144 484 2184 ora
504 2124 629 2185 nimbos
649 2126 785 2201 pendere
804 2124 956 2185 minantis

274 2230 414 2307 desuper,
438 2250 472 2290 aa
492 2230 588 2291 radiis
607 2231 744 2291 imbrem
764 2231 949 2292 descendere
970 2231 1080 2309 longis

275 2337 328 2397 hic
348 2357 469 2398 messor
490 2337 608 2398 siacum
629 2341 750 2399 exercet
770 2338 830 2399 sub
847 2337 913 2400 sole
931 2337 1079 2415 laborem,

275 2443 309 2504 in
330 2444 435 2506 medio
456 2447 520 2505 stat
539 2445 645 2506 vinata
667 2445 780 2521 Ceres3
808 2446 917 2524 proeul
938 2445 1021 2506 edita
1041 2445 1133 2523 longe

274 2554 358 2612 terra
379 2552 440 2613 olei
459 2553 592 2614 fecunda
611 2553 692 2613 iacet
712 2555 861 2631 aanetque
883 2555 941 2614 sub
961 2553 1056 2615 auris.

275 2659 326 2719 hie
346 2679 365 2720 a
385 2661 489 2722 fronte
510 2660 638 2738 nigrant
659 2660 787 2722 disiecta
807 2681 881 2721 saxa
902 2661 1003 2734 ruina,

274 2768 344 2826 turn
364 2767 500 2843 scopulis
520 2768 636 2828 acelive
656 2768 775 2846 iugum,
799 2770 870 2845 post
890 2767 1008 2827 eminet
1029 2766 1089 2826 alte

274 2874 359 2933 torta
378 2872 461 2932 nube
483 2873 592 2934 albens
612 2877 717 2934 cautes
738 2873 889 2949 nimbosa,
913 2872 1064 2949 nivesque

273 2982 416 3040 aeternae
436 2983 587 3057 superant
605 2983 638 3041 et
658 2982 742 3040 taeta
762 2980 924 3040 eacumina
944 2979 1089 3040 fiammis

273 3090 361 3164 parte
382 3086 444 3146 alia
464 3087 578 3147 domus
598 3086 732 3165 Angliea
752 3088 838 3161 erat;
866 3083 1010 3146 canentia
1029 3084 1175 3145 lambunt

273 3194 396 3254 lumina
416 3192 552 3254 rorantis
572 3193 687 3270 ulmos,
710 3191 851 3254 rorantia
870 3193 979 3269 prata;

272 3322 338 3363 non
359 3301 441 3378 repit
460 3302 527 3360 tam
548 3299 637 3360 dulce
657 3319 771 3376 s0p0r;
798 3319 856 3359 sua
876 3298 987 3376 auique
1006 3299 1147 3376 supellex

273 3408 357 3470 iusta
376 3407 464 3483 loeo;
492 3407 598 3468 sedem
619 3425 730 3468 naseas
751 3407 834 3467 hana
854 3406 938 3483 pacis
959 3405 1068 3468 avitae.

1101 3518 1127 3552 A.
1140 3518 1163 3554 Τ.
1175 3518 1197 3552 B.
