3070 4490
618 389 833 438 OXONIENSIS

684 843 766 887 mn

396 975 446 1052 Ἀ,
469 975 499 1055 ἃ,
521 975 553 1041 τί
572 971 638 1039 ποτ’
661 973 699 1039 αὖ
721 971 884 1055 κινάθισμα
906 978 1030 1049 ποδῶνς

397 1079 427 1143 τί
448 1079 473 1144 δ’
498 1078 726 1161 ἐπιστροφάδην
747 1079 888 1144 νίσσεται
911 1079 1004 1146 οὕτως

399 1184 494 1265 ῥεῦμα
514 1187 662 1267 γυναικῶν
674 1208 685 1258 ,·
716 1184 748 1247 οἱ
770 1181 826 1262 μέν
847 1207 881 1247 τε
902 1182 1002 1264 βάδην

402 1287 433 1350 αἱ
455 1285 481 1351 δ’
504 1285 669 1367 δλλομέναι

401 1395 548 1472 σκιρτῶσι
569 1388 677 1474 χοροὺς
700 1390 901 1468 ἐλελίζονσαι·

401 1498 644 1576 θνρσοφοροῢσιν
665 1492 691 1558 δ’
714 1495 747 1558 ἐκ
768 1495 918 1576 μετεώρου

400 1597 503 1682 χειρδς
525 1596 641 1680 άίρδην,
663 1596 787 1665 λευκοδς
809 1597 836 1662 δ’
858 1597 954 1679 ὤμους

400 1705 546 1786 προχοαῖς
568 1701 677 1781 άνίδην
700 1701 862 1783 κρύπτουσι
885 1706 992 1783 κομῶν·

401 1968 555 2035 Μαινάδες
577 1968 671 2045 οὗτοι,
695 1969 748 2035 τδς
771 1971 806 2030 τὸ
829 1968 935 2046 νεάζον

401 2073 447 2158 χῶ
471 2077 539 2139 θεὸς
561 2068 638 2156 άρμᾷ

402 2181 524 2261 θερμαῖς
545 2177 701 2258 μανίαισιν
724 2175 778 2256 ἀφ’
798 2177 884 2253 ὕλης.

402 2281 452 2347 διὰ
473 2280 499 2345 δ’
521 2279 656 2360 εὐκήλων
678 2281 778 2362 ἀγρῶν
799 2280 928 2362 μαλεραὶ

401 2386 458 2466 τὴν
479 2386 658 2468 νεόδρεπτον
680 2383 729 2448 καὶ
750 2386 951 2468 πολύχωστον

403 2491 478 2555 ποσὶ
501 2489 729 2571 κραιπνοσάτοις
750 2489 911 2570 στείβουσι
933 2491 1022 2555 πάον·

404 2596 453 2659 καὶ
475 2600 535 2659 τῶν
556 2597 674 2674 βατιῶν
696 2593 896 2658 άποσυλῶσιιι

402 2697 552 2780 στέφεσιν
572 2699 711 2781 χλοεραῖς
733 2701 964 2779 στεφανοῦνται·

403 2809 463 2868 τῶν
483 2802 509 2867 δ’
531 2803 709 2883 άλλομίνων
732 2798 780 2866 καὶ
803 2801 974 2879 παιζουσῶν

402 2911 514 2985 μεστὸς
536 2906 650 2985 λειμδν
672 2907 818 2988 ῑαχαῖσιν.

405 3168 444 3232 σὺ
465 3169 501 3235 δέ
520 3193 581 3249 μοι,
602 3167 747 3248 βουκόλε,
768 3168 854 3232 τίπτε
876 3168 1018 3252 σιωπᾷς,·

403 3276 436 3339 τί
455 3273 489 3337 δὲ
511 3270 664 3355 σύριγγας,
686 3272 716 3335 τί
738 3272 771 3335 δὲ
794 3271 843 3335 καὶ
866 3269 1002 3354 κατέχεις

404 3377 493 3444 αὐτὸς
513 3373 641 3450 άοιδάν,·

404 3482 475 3547 ἀλλ’
497 3483 542 3547 ίθι
564 3486 662 3562 κῶμον
685 3479 759 3563 πρδς
782 3478 933 3543 Διονίσου

403 3586 457 3651 τὸν
478 3586 627 3668 πολυηχῆ·
657 3588 751 3649 τῶνδε
771 3581 828 3666 γάρ
851 3581 938 3662 ῶμιον

404 3691 483 3758 τίνες
505 3688 666 3774 δβράτεροι
678 3713 690 3764 ,·
720 3689 800 3756 τίνος
823 3687 992 3768 ὀφθαλμῶν

404 3800 561 3876 μαλθακὸν
582 3796 659 3860 οὕτω
681 3792 776 3874 βέλος
799 3794 948 3875 δρμῶται,·
