3072 4490
620 415 836 463 OXONIENSIS

229 573 364 633 fulmina
384 593 530 649 percusso
551 574 678 651 rapiunt
698 573 777 633 irata
798 574 926 634 sinistra

229 729 496 808 praecipitantque
517 731 584 791 solo
605 731 770 808 crepitanti
790 731 927 808 pondere
946 731 1066 791 lances:

229 887 310 947 mira
331 887 450 964 loquor,
472 888 528 948 sed
548 889 635 948 enlm
655 891 800 967 congesta
820 887 934 948 cubilia
955 887 1040 964 picae

229 1045 406 1120 inveniunt,
430 1044 575 1122 luteoque
596 1045 752 1106 intextam
772 1045 889 1122 pariete
909 1048 1079 1123 torquem’

230 1203 371 1278 dixerat;
399 1205 431 1262 et
450 1203 682 1263 tacuit-mens
704 1206 810 1264 autem
830 1205 962 1264 immota
982 1204 1140 1264 resistit-

228 1359 291 1434 ille,
316 1360 458 1420 locuturo
479 1360 601 1435 similis,
625 1361 680 1420 sed
702 1360 789 1420 nulla
810 1361 894 1420 foras
914 1380 976 1422 vox

229 1517 384 1576 truditur:
411 1536 446 1576 os
466 1518 552 1593 rugis
572 1518 685 1594 glaciat
706 1536 798 1577 mens
818 1517 917 1593 anxia,
941 1517 1048 1594 quales

230 1674 312 1734 vitra
333 1676 445 1733 notant
466 1673 585 1751 gelidae
605 1674 743 1734 brumali
763 1674 927 1752 aspergine
948 1675 1075 1736 formae.

1131 1805 1150 1838 J.
1165 1804 1189 1838 Α.
1205 1806 1228 1839 G.

676 2365 798 2406 CLXVIII

230 2463 290 2524 Sed
311 2481 368 2522 sua
389 2482 478 2522 mens
499 2461 670 2537 hominem,
694 2482 759 2522 non
780 2462 853 2522 diva
872 2462 1011 2539 pecunia,
1036 2464 1123 2523 ditat.

228 2561 334 2622 vivere
355 2564 485 2621 naturae
506 2560 567 2620 scis
587 2561 831 2621 convenienter?
858 2564 979 2638 egestas

228 2680 285 2718 nec
306 2664 424 2720 terrore
444 2661 565 2735 premet
586 2679 642 2718 nec
662 2679 809 2734 praesens
829 2662 923 2736 anget
942 2662 1094 2737 egentem.

232 2760 283 2817 ‘at
303 2778 454 2835 magnum
475 2760 523 2817 est
544 2758 627 2834 gazis
648 2759 754 2817 oculos
774 2757 1000 2835 praestringere
1021 2757 1130 2835 vulgi’

230 2856 355 2916 divitias
376 2856 515 2929 miseras,
539 2856 708 2915 hominum
728 2855 892 2931 locupletis
912 2855 946 2914 in
968 2876 1028 2929 ore,

229 2954 374 3030 pauperis
395 2953 577 3028 introrsum,
602 2954 648 3012 nil
668 2973 820 3030 magnum
840 2955 872 3012 et
892 2954 1008 3029 grande
1029 2955 1174 3031 videntis,
1208 2987 1210 2990 ·

229 3053 283 3111 sed
304 3052 437 3111 minima
456 3054 488 3111 et
508 3073 614 3111 rerum
635 3051 742 3110 sordes
762 3053 795 3110 et
813 3051 889 3110 vilia
911 3055 1068 3128 quaeque!

229 3151 326 3211 servit
346 3151 495 3210 avaritiae
517 3170 572 3210 neo
593 3150 679 3226 largo
700 3169 830 3208 munere
852 3150 952 3208 terrae

229 3252 394 3310 contentus
415 3268 615 3326 quaecunque
636 3248 736 3307 latent
757 3247 841 3305 mala
860 3247 974 3306 damna
995 3267 1051 3322 per
1072 3249 1178 3308 orbem

229 3348 351 3425 quaerit
370 3346 467 3406 homo
489 3348 581 3422 atque
602 3346 716 3406 effossa
736 3345 826 3420 rapit.
868 3345 944 3404 deus
966 3345 1072 3405 omnia
1091 3348 1229 3422 prudens

229 3467 307 3524 quae
327 3445 473 3522 prodesse
494 3447 617 3521 queant,
642 3443 731 3503 nullo
752 3442 890 3503 tollenda
910 3443 1023 3518 labore,

228 3545 262 3602 in
282 3546 432 3620 promptu
452 3543 565 3618 posuit,
590 3542 811 3620 quaerentibus
832 3541 947 3601 obtulit
968 3542 1071 3616 ultr03

229 3642 367 3702 condidit
388 3641 599 3717 abstrusitque
619 3640 771 3700 nocentia.
817 3640 888 3717 quis
908 3660 1072 3716 pereamus

227 3730 376 3814 eruimuls,
401 3759 480 3817 quae
501 3739 618 3799 defodit
639 3741 752 3798 natura
773 3740 918 3816 deusque.

1111 3849 1144 3884 W.
1159 3849 1184 3884 R.
1197 3848 1224 3882 II.
