3070 4490
629 387 845 437 OXONIENSIS

723 819 742 862 L

234 939 305 998 Dor.
355 935 579 1014 Igneuissumi,
611 935 686 1012 quid
720 933 849 996 fecitis?
880 954 955 995 mox
989 955 1061 995 erus
1093 934 1237 994 adueniet

438 1035 579 1109 domum,

356 1153 462 1194 —non
483 1131 883 1209 reputetist-eduenienti
903 1129 977 1209 quoi
998 1131 1045 1190 nil
1062 1151 1154 1190 cenae
1176 1151 1238 1190 eoe-

438 1229 508 1290 tum
528 1230 597 1291 erit.

235 1333 306 1391 Dro.
358 1329 505 1390 adueniat
517 1328 579 1406 pol,
597 1349 695 1406 quom
708 1328 837 1390 lubebit
874 1327 1064 1390 Tranionem
1079 1328 1239 1388 seruolum

357 1427 412 1505 qui
441 1447 514 1488 erus
545 1426 610 1503 elit,
644 1447 717 1487 eum
747 1447 838 1487 erum
874 1446 932 1505 ego
964 1447 1079 1502 seruos,
1114 1427 1186 1500 iam,
1211 1427 1238 1484 si

439 1525 516 1601 uolt,
541 1525 705 1602 reliquero.

357 1623 442 1684 hune
456 1623 619 1685 hominem
629 1626 722 1702 etque
734 1623 924 1686 Tranionem
938 1645 1004 1684 non
1018 1623 1126 1683 eadem
1141 1622 1239 1699 capiet

440 1723 562 1783 domus.

236 1823 308 1883 Dor.
361 1821 437 1899 quid
459 1821 624 1898 negotist?
672 1821 740 1882 Tru
763 1841 869 1881 meam
893 1821 940 1880 mi
963 1821 1097 1881 amioum
1120 1820 1238 1880 subtra-

440 1919 542 1980 hebat.
568 1915 655 1979 'rem
677 1939 805 1980 omnem
826 1919 930 1980 hebee

236 2021 307 2080 Dro.
359 2017 565 2095 peiurissume
584 2015 752 2078 hominum
773 2015 869 2078 homo
890 2019 934 2078 tu.
986 2019 1056 2079 Tra.
1088 2037 1180 2095 quem
1204 2019 1238 2076 tu

439 2115 549 2193 peiuri,
574 2115 688 2192 frutex,

359 2213 548 2275 insimules?
583 2213 720 2292 peiunr’s
741 2213 816 2291 ipse.
847 2214 920 2274 Dro.
945 2213 981 2273 tu
996 2247 1034 2255 —
1050 2215 1119 2274 Tra.
1141 2213 1239 2273 immo

441 2314 588 2374 tu-Doe
609 2313 736 2389 peiurus
757 2331 799 2373 ee.

238 2412 305 2471 Tro.
358 2414 428 2470 uter
462 2410 601 2487 peiurior
629 2413 845 2472 nostrorumst
879 2410 913 2469 in
942 2409 1058 2470 malem
1090 2408 1118 2468 is
1152 2409 1240 2468 abeat

441 2529 572 2571 erucem.

237 2610 308 2670 Dor.
361 2608 485 2682 Tranio,
509 2608 551 2669 tis
571 2609 676 2685 pudet,
699 2607 811 2684 otini,
833 2610 961 2685 Drom0,

359 2707 542 2768 huiusmodi
563 2707 646 2767 dicte
666 2726 733 2782 uoe,
757 2706 938 2768 mulionum
958 2707 1081 2784 probra,

360 2805 479 2866 diceret
507 2808 642 2866 aetatem
664 2825 721 2882 ego
741 2805 853 2865 taeitos
873 2825 931 2866 uos
951 2804 1110 2878 mauelim‚

361 2923 456 2980 quam
470 2905 636 2981 proteruos
649 2903 694 2963 ita
708 2923 807 2981 usque
823 2923 890 2964 esee
906 2905 939 2963 et
956 2903 1001 2962 ite
1019 2901 1195 2962 maledicos.

237 3004 309 3062 Dro.
361 3001 510 3061 ecoistum
531 3001 670 3077 priorem
682 3001 786 3078 peiuri
806 3004 950 3076 satorem,

359 3099 440 3159 mihi
460 3098 565 3160 contio
586 3119 671 3158 nuno
691 3099 846 3175 posterior
867 3099 967 3159 detur.

240 3201 309 3259 Tra.
360 3218 485 3258 ueruex.
530 3199 602 3260 Dte.
629 3196 741 3258 frutex.
786 3199 854 3258 Tra.
883 3197 986 3258 delire.
1029 3200 1099 3258 Dro.
1121 3197 1240 3275 uolpeS.

443 3297 512 3357 Tro.
536 3295 670 3373 percule.

1097 3411 1131 3444 W.
1142 3409 1169 3445 11.
1184 3409 1209 3442 1..
