3072 4490
635 387 850 436 OXONIENSIS

695 876 789 918 oxnvr

404 973 487 1050 Ergo
508 973 582 1032 audi
601 976 633 1033 et
652 975 722 1050 pete
743 973 794 1032 bis
813 975 919 1034 vocate
939 973 1073 1048 Vectim,
1196 1027 1200 1037 ,

404 1107 466 1165 qua
486 1087 574 1147 fumo
594 1087 703 1165 procul
724 1087 811 1147 urbis
831 1089 863 1147 et
883 1088 1024 1148 tumultu

402 1202 476 1262 hinc
497 1203 590 1278 atque
610 1201 684 1262 inde
705 1201 888 1262 cadentibus
907 1201 1047 1261 tenebris

403 1319 507 1394 specto
528 1317 592 1376 iam
612 1317 714 1394 magis
733 1336 769 1377 ac
789 1316 890 1394 magis
909 1316 1026 1394 nigrari

402 1430 566 1491 hortulum
587 1430 655 1490 sine
675 1450 762 1491 more
783 1430 986 1508 comptiorem

348 1579 350 1586 ι
402 1546 477 1605 clivi
497 1545 602 1606 nobile
622 1566 717 1624 quem
737 1545 848 1623 iugum
869 1548 994 1605 coercet.

402 1661 449 1721 nil
470 1681 579 1721 cenam
599 1661 660 1721 tibi
680 1661 803 1721 condiet
823 1660 955 1739 maligni

401 1776 454 1836 sed
476 1776 522 1835 sal
544 1774 712 1850 candidior,
736 1776 859 1836 salubre
878 1775 998 1850 vinum,

401 1896 433 1952 et
453 1891 538 1951 solus
557 1910 653 1968 prope
673 1890 828 1951 fabulator
847 1891 913 1951 ales

402 2006 497 2084 pinus
517 2004 656 2064 culmine
676 2007 778 2065 tectus
798 2004 978 2082 increpabit.

402 2141 478 2182 nam
498 2121 606 2198 pineta
620 2123 736 2180 tenent
756 2123 921 2197 utramque
941 2122 1062 2198 partem

400 2256 478 2316 quae
499 2235 606 2296 flabris
626 2235 815 2297 hiemalibus
835 2235 990 2312 resistant,

401 2357 432 2414 et
453 2371 567 2413 canens
586 2351 695 2429 procul
714 2351 880 2428 ingruente
900 2351 998 2412 fluctu

400 2487 456 2545 per
476 2470 593 2527 cretam
613 2465 691 2526 furit
710 2465 795 2526 unda
814 2485 929 2543 perque
949 2466 1100 2526 harenas:

401 2602 463 2660 qua
483 2582 571 2641 lento
591 2581 669 2657 pede
689 2579 786 2640 lactea
807 2580 865 2640 sub
887 2599 954 2640 arce

400 2697 428 2756 si
448 2697 513 2756 fors
534 2696 627 2772 longa
648 2695 750 2756 carina
770 2694 939 2773 navigabit,

399 2816 430 2873 et
451 2832 506 2888 per
526 2812 606 2872 lucis
625 2812 686 2871 iter
705 2812 790 2872 vices
810 2814 842 2871 et
864 2811 993 2871 umbrae

299 2971 301 2978 .
398 2927 462 2986 iam
483 2927 642 2987 sublustre
663 2925 779 2986 secabit
799 2925 834 2984 in
854 2925 1056 3001 profundum,

401 3045 505 3101 tecum
527 3040 675 3100 disserere
696 3038 833 3117 improbi
852 3038 961 3099 licebit

401 3158 433 3216 et
454 3155 561 3233 culpas
582 3157 614 3214 et
635 3154 770 3232 origines
791 3153 898 3217 duelli.

1091 3262 1113 3298 ⁹1⁴.
1127 3262 1156 3298 11.
1170 3262 1202 3298 W.
