3072 4490
639 355 855 426 oxomruffls

717 606 780 647 CXX

288 701 779 762 Dividimur-faieor-fortuna
798 706 830 763 et
851 702 973 779 dispare
993 703 1067 778 vita

326 821 399 861 cum
420 821 478 860 neo
498 801 646 860 dividuus
667 804 790 861 constet
810 803 843 861 ei
863 821 946 860 unus
967 821 1064 861 amor.

285 899 417 975 proinde
437 918 546 959 meum
565 897 703 958 maculat
724 898 869 974 quotiens
890 899 1021 959 infamia
1044 919 1168 974 nomen,

325 1017 419 1057 omne
439 995 521 1056 mihi
540 996 660 1072 crimen
681 998 712 1055 le
733 997 799 1056 sine
820 997 901 1056 ferre
923 1000 1037 1058 mansi.
1098 985 1102 994 ¹

286 1097 319 1154 al
339 1095 444 1156 studio
466 1095 610 1173 quamvis
627 1115 690 1155 uno
711 1095 867 1155 sociemur
887 1095 1022 1170 amandi,

324 1193 483 1254 vincimur
502 1193 621 1254 invidia
642 1192 909 1270 distrahimurque
929 1194 1031 1264 deum,

285 1311 372 1369 quae,
396 1292 469 1352 licet
490 1292 627 1352 officium
647 1292 804 1368 finemque
825 1292 911 1351 haud
931 1295 1034 1352 mutet
1055 1293 1178 1366 amoris,

325 1393 468 1467 tempora
487 1391 640 1468 disperdit
661 1390 846 1468 deliciasque
867 1390 958 1466 rapit.

285 1489 347 1549 iam
368 1490 467 1550 scelus
488 1491 551 1549 heu
572 1492 719 1550 nostrum
739 1510 779 1548 no
800 1490 842 1550 sio
863 1490 922 1550 tibi
941 1509 1034 1550 causa
1054 1489 1190 1566 pudoris,

326 1588 368 1647 sit
388 1588 470 1647 mihi
489 1589 537 1648 fas
558 1588 640 1665 ignis
662 1588 859 1649 dissimulare
879 1608 984 1648 meos:

285 1689 382 1763 inque
402 1687 507 1762 palam
528 1688 596 1747 noli
616 1687 707 1748 nobis
728 1688 800 1746 dare
821 1687 920 1747 comis
940 1688 1093 1746 honorem

325 1804 365 1844 ne
386 1786 468 1845 mihi
489 1806 583 1864 quem
603 1787 714 1846 reddas
735 1787 777 1846 sii
798 1787 858 1846 tibi
878 1787 1025 1864 demptus
1046 1786 1153 1846 honor.

284 1903 373 1961 paroc
393 1886 465 1944 tuae
486 1884 607 1946 famae:
634 1905 707 1945 nam
728 1888 759 1944 le
780 1886 881 1961 modo,
906 1906 983 1961 cara,
1006 1886 1125 1962 potitus

324 1983 356 2041 et
375 1983 479 2059 potior
498 1984 600 2043 famae
621 1987 709 2060 perte
729 1984 878 2061 fruorque
900 1986 979 2044 luae.

1112 2094 1137 2129 A.
1151 2095 1170 2128 J.
1185 2094 1207 2128 Β.

700 2301 776 2342 oxxr

364 2413 508 2473 Mortalis
528 2413 628 2490 specie
648 2414 714 2474 vila
734 2413 822 2474 brevi
842 2413 932 2492 fugit,

249 2590 253 2598 s
351 2549 441 2606 ·quac
462 2528 605 2588 mendaci
625 2529 770 2590 homines
791 2529 880 2589 ludat
899 2528 1055 2606 imagine:

363 2645 439 2703 sunt
458 2643 553 2704 falsae
574 2643 730 2720 lacrimae,
754 2644 892 2723 falsaque
914 2644 1043 2722 gaudia:

403 2759 479 2818 solis
500 2762 547 2819 est
568 2759 690 2836 superis
711 2760 798 2822 fides.

362 2876 399 2933 ut
419 2874 467 2934 sol
487 2873 614 2934 occiduo
634 2874 755 2934 lumine
775 2874 874 2952 gloria

363 2988 476 3065 pallet:
497 3009 568 3065 spes
589 2992 621 3049 et
641 3010 730 3049 amor
750 2989 911 3066 formaque
931 2989 1093 3066 virgiuum

363 3104 515 3180 effulgent
536 3105 660 3164 tumulo
681 3106 790 3182 debita,
814 3125 871 3164 neo
892 3105 987 3164 micat

403 3220 478 3280 solis
499 3219 534 3279 ni
554 3220 675 3296 superis
695 3219 806 3281 honor.

361 3336 438 3414 quin
458 3355 517 3395 nos
538 3335 681 3396 sollicitis
701 3336 746 3394 sio
767 3336 898 3396 ferimur
917 3336 1014 3412 fretis,

360 3471 439 3528 quos
460 3472 516 3512 neo
537 3452 587 3512 vis
608 3451 706 3510 animi
727 3471 783 3528 per
803 3451 938 3512 latebras
958 3452 1026 3512 viae

360 3567 520 3629 illustrare
541 3567 626 3628 valet
646 3587 703 3627 nec
724 3567 810 3628 nitor
829 3567 995 3645 ingeni:-

401 3683 477 3743 solis
498 3686 545 3744 esi
566 3683 686 3761 superis
708 3683 804 3761 quies.

320 3875 347 3920 13
