3072 4490
632 404 848 454 OXONIENSIS

238 585 296 624 nec
316 565 433 624 formas
454 568 555 625 astare
576 564 744 624 hominum
764 565 818 624 sed
839 566 928 623 torva
949 564 1076 622 leonum

237 683 366 741 corpora
387 663 543 740 conspexi,
566 663 660 739 pleno
681 663 739 722 sub
760 662 880 721 lumine
901 661 1002 736 lunae,

237 762 382 822 excubias
404 781 492 838 agere
513 764 545 821 et
566 761 687 820 clausas
708 761 849 820 obsidere
869 763 983 838 pertas.

237 860 351 920 emicui
371 860 406 919 in
427 860 525 919 scalas
546 859 655 934 audax,
680 860 853 937 cumbaquc
874 859 981 919 relicta

237 960 322 1019 nitor
342 959 377 1018 in
397 960 581 1019 adversum:
610 958 755 1019 destricto
775 957 919 1034 protinus
940 977 1014 1018 ense

237 1060 310 1117 ante
330 1057 408 1117 foris
429 1058 565 1117 aderam.
610 1056 715 1116 subito
736 1056 857 1116 fervore
878 1056 984 1116 leones

238 1155 426 1232 arrectisque
447 1158 567 1215 exstare
588 1154 679 1229 iubis,
704 1175 760 1214 ceu
780 1154 882 1230 surgit
902 1155 937 1214 in
958 1175 1046 1214 arma

237 1254 434 1331 bellipotens,
456 1273 665 1331 umerumque
686 1253 776 1312 uncis
796 1253 861 1312 iem
879 1255 1028 1330 prendere
1049 1253 1208 1330 utrimque

238 1353 395 1430 unguibus
416 1353 572 1412 horrcndo
593 1352 706 1412 stantis
726 1352 905 1412 discrimine
925 1353 989 1414 1611.

1062 1464 1085 1498 Ε.
1097 1464 1124 1499 D.
1136 1464 1161 1499 A.
1176 1464 1204 1498 1.

684 1749 797 1791 CXXVII

235 1844 310 1920 Vos,
334 1846 431 1921 fluvii,
456 1866 555 1923 genus
576 1845 753 1922 antiquum,
777 1845 934 1924 silvaeque
954 1848 1105 1920 vetustae,

236 1963 315 2019 quas
335 1945 456 2021 trepido
478 1944 613 2004 celebrat
633 1944 750 2004 vocalis
770 1945 864 2004 turba
885 1964 1035 2020 susurr0;

235 2062 300 2118 voa,
325 2043 406 2120 iuga,
430 2063 495 2118 vos,
520 2043 646 2119 Tempe,
670 2043 750 2102 festo
772 2043 921 2103 laetantia
942 2045 1007 2105 ritu

236 2159 314 2216 quac
336 2141 457 2201 cultum
478 2141 802 2218 induitis—ventique
824 2144 856 2201 et
876 2142 985 2202 nubile
1006 2143 1091 2216 caeli,

235 2239 331 2314 tuque
351 2239 434 2299 mari
454 2239 549 2300 tellus
569 2240 713 2300 nimboso
734 2240 857 2300 foedere
877 2243 986 2316 nupta,

233 2340 266 2396 61
287 2357 436 2414 superum
457 2339 540 2398 dono
559 2339 654 2399 terris
675 2358 887 2416 quaecumque
909 2339 1035 2399 novatis

234 2435 340 2495 vivida
360 2435 499 2496 luxuriat
519 2436 631 2511 proles,
656 2438 850 2513 matremque
872 2437 1004 2497 salutett

235 2532 294 2592 hoc
315 2554 372 2610 ego
393 2554 476 2593 nunc
494 2534 712 2611 quodcumque
734 2534 845 2594 hilaris
866 2534 1053 2612 coniungere
1074 2538 1183 2596 cantus

234 2633 340 2691 vestro
361 2652 446 2707 avec,
471 2632 601 2692 brumae
621 2651 787 2709 perpessus
808 2633 926 2709 etipse
947 2633 1068 2694 furores

236 2728 289 2804 qui
309 2732 509 2806 tempestates
525 2730 625 2790 animi
645 2728 806 2807 diramque
827 2732 953 2792 ruinam
1033 2735 1038 2747 '

235 2827 320 2886 evasi
340 2827 516 2888 incolumis,
559 2849 619 2904 me,
643 2849 694 2889 me
717 2829 895 2906 genitabilis
916 2851 993 2890 aura

235 2924 348 2984 leniter
367 2925 492 3000 afflavit,
515 2945 567 2985 mc
587 2947 643 2986 ver
664 2929 814 2988 recreavit
834 2928 972 2988 amicum

235 3043 366 3100 spesque
387 3043 485 3084 novas
505 3024 600 3100 addit,
624 3025 734 3084 vitalia
754 3026 884 3101 semina,
908 3028 1016 3086 menti.

235 3122 293 3182 hes
313 3142 387 3199 ergo
408 3122 534 3182 institui
554 3123 713 3198 praesenti
733 3124 892 3184 exsolvere
913 3126 994 3200 dive,

236 3222 378 3300 quisquis
398 3222 426 3282 is
446 3224 501 3296 est,
525 3222 678 3297 lacrimas,
703 3223 758 3299 qui
778 3244 829 3284 me
851 3225 982 3302 caligine
1003 3227 1070 3286 dira

234 3316 335 3376 -ctsi
355 3336 412 3376 nec
432 3337 562 3376 sensum
582 3317 700 3393 retegit,
725 3337 783 3377 nec
804 3320 941 3379 cernitur
960 3322 1060 3380 ulli—

234 3437 306 3477 11616
327 3437 410 3477 novo
430 3417 613 3491 exemptum
633 3415 734 3474 dulcis
754 3416 862 3476 eduxit
883 3418 918 3476 in
938 3439 1039 3482 eures.

234 3516 365 3593 proinde
379 3533 553 3592 ego—nam
566 3533 617 3572 me
632 3514 692 3573 hec
709 3513 787 3573 scire
804 3515 994 3594 sinit-pers
1012 3519 1077 3595 ipse
1097 3524 1237 3581 catervae

234 3618 362 3692 argutae
383 3613 531 3674 modulor
551 3616 645 3673 cantu
666 3633 743 3690 quas
764 3614 897 3675 fiumina
917 3636 1008 3678 voces

235 3732 298 3773 una
318 3713 416 3773 edunt
436 3712 663 3788 volucrumque
685 3733 791 3790 genua,
817 3718 1001 3792 montesque
1023 3716 1204 3794 loquuntur.

1105 3846 1133 3880 Η.
1148 3845 1168 3881 S.
1182 3847 1201 3881 J.
