3094 4494
623 376 839 426 OXONIENSIS

678 555 785 600 XXVIII

312 655 359 714 At
378 653 488 730 procul
509 653 656 732 antiquae
677 654 771 716 sertis
789 652 1000 715 viridantibus
1021 671 1091 714 arae

353 755 494 830 surgvmt,
517 752 683 830 sacrilegas
703 752 937 830 despiciuntque
958 769 1080 813 manus.

313 851 364 911 his
385 871 449 911 non
470 851 552 929 ignis
573 852 659 926 edax,
683 851 826 929 livorque
847 851 987 929 rapacior
1006 850 1087 928 igne,

355 970 421 1011 non
440 950 523 1010 bella
543 950 684 1026 exitium,
709 970 774 1010 non
795 949 881 1010 dabit
902 949 969 1026 ipsc
991 948 1065 1008 dies.

314 1049 376 1108 huc
397 1048 450 1126 pia
469 1052 542 1109 tura
562 1048 669 1108 ferunt
689 1062 727 1109 ex
748 1051 835 1109 omni
855 1048 948 1108 litore
969 1048 1059 1120 docti,

353 1135 506 1207 unanima
526 1167 545 1207 a
565 1147 682 1224 linguis
702 1147 842 1208 carmina
862 1147 949 1208 mille
969 1148 1090 1208 sonant.

315 1248 383 1304 tam
403 1245 531 1305 meritas
551 1245 660 1307 laudes
679 1267 742 1308 vox
763 1246 863 1306 dicere
884 1243 973 1306 nulla
993 1247 1130 1305 recuset:

358 1344 502 1404 concordi
522 1347 668 1405 nostrum
688 1365 728 1405 ne
750 1346 791 1406 sit
812 1344 919 1406 abesse
939 1343 1041 1403 chore.

317 1461 336 1500 o
355 1442 423 1502 nati
443 1443 573 1504 meliore
593 1463 678 1520 aevo,
703 1443 828 1520 salvete,
852 1443 969 1519 poetae,

358 1561 495 1618 quorum
516 1542 688 1603 immortali
708 1543 801 1604 laude
821 1545 948 1620 tropaea
968 1540 1091 1602 virenti

317 1639 416 1714 gloria
435 1640 572 1701 maiores
593 1641 683 1703 vobis
703 1645 775 1720 aget
795 1662 894 1721 usque
915 1638 1103 1716 triumphos.

358 1741 449 1799 aucta
469 1743 620 1816 perpetuo
639 1741 740 1801 fertur
760 1743 796 1801 ut
817 1741 920 1801 amnis
940 1759 1028 1818 aqua.

317 1856 375 1896 vos
395 1837 475 1897 colet
495 1838 620 1916 ignotae
640 1839 669 1899 si
688 1840 759 1916 quis
779 1839 857 1899 latet
876 1839 977 1898 incola
997 1839 1106 1910 terrae,

359 1938 392 1995 et
412 1939 555 2014 repetent
575 1937 686 2015 ingens
707 1938 831 1998 saecula
851 1957 919 1997 sera
939 1937 1038 1997 decus

319 2053 338 2092 0
359 2034 387 2093 si
407 2038 496 2111 parte
516 2035 567 2095 sui
588 2038 696 2114 tangat
717 2036 853 2096 divinior
872 2035 955 2113 ignis

358 2135 536 2194 extremum
555 2155 573 2194 e
594 2137 683 2195 tauta
704 2136 947 2212 degeneremque
968 2132 1070 2207 domo,

320 2230 373 2307 qui
395 2231 525 2308 trepidis
544 2236 666 2294 vestras
686 2233 832 2294 imitatur
852 2232 972 2293 nisibus
993 2231 1066 2303 alas,

361 2329 556 2408 miraturque
577 2331 692 2409 legens,
717 2333 749 2392 et
768 2331 862 2392 timet
881 2330 948 2408 ipse
969 2328 1064 2406 sequi,

322 2431 359 2488 ut
378 2428 516 2505 iuvenes,
540 2417 592 2490 me
612 2433 692 2506 vate,
717 2430 802 2490 leves
822 2429 942 2490 maiora
961 2427 1063 2490 vereri

363 2527 489 2606 ingenia
508 2530 541 2588 et
562 2528 683 2590 discant
703 2528 881 2588 indubitare
901 2527 975 2588 suis.

1101 2633 1126 2669 Ε.
1138 2633 1160 2668 G.
1172 2632 1206 2666 W.

703 2822 784 2866 XXIX

243 2919 309 2980 ‘De
331 2939 422 2997 grege
444 2920 519 2997 quid
539 2920 661 2997 scribet,
686 2921 742 2998 qui
761 2919 806 2980 sic
825 2917 962 2979 traducit
982 2917 1114 2993 ineptos,

241 3017 307 3093 ipse
329 3018 428 3079 suor’
455 3019 516 3078 hoc
535 3017 644 3080 videor
664 3020 782 3079 multos
804 3018 910 3078 audire
931 3015 1080 3094 rogantis.

246 3117 411 3193 ‘parcetne
432 3115 503 3175 hic'
524 3115 629 3193 inquis
654 3117 775 3193 ‘parcet
795 3113 999 3192 scriptoribus
1019 3113 1108 3190 ipsis,

243 3215 299 3292 qui
319 3215 420 3274 caedit
440 3213 559 3289 Decios,
585 3235 603 3274 a
624 3234 686 3291 quo
707 3234 764 3274 nec
785 3213 891 3274 Laelia
911 3215 981 3274 tuta
1001 3216 1056 3289 est,

244 3332 337 3390 quem
357 3333 417 3372 nec·
436 3312 576 3373 centurio
597 3332 654 3372 nec
674 3311 778 3373 Stoica
797 3313 895 3372 terret
914 3312 1024 3388 abolla,

244 3431 299 3486 per
320 3413 460 3472 saturam
481 3414 610 3472 cunctos
631 3431 723 3471 saevo
744 3409 799 3488 qui
818 3411 967 3472 immanis
987 3411 1077 3471 hiatu

245 3509 411 3586 adripuit?
438 3529 516 3569 num
538 3510 687 3587 cognatos
708 3508 997 3586 ἇποδειροτομήσειῗ’
1066 3582 1068 3588 Ι

248 3608 290 3667 ‘0
311 3607 399 3684 bone,
425 3628 518 3684 quem
539 3608 638 3668 caedit
659 3607 758 3667 ferula
779 3607 884 3684 gravis
905 3607 1043 3667 Orbilius
1064 3605 1108 3666 sic

246 3707 281 3764 ut
301 3707 413 3765 natum
433 3706 500 3783 ipse
521 3709 642 3766 suum?
672 3726 737 3766 non
758 3707 850 3765 natos
869 3725 967 3782 prava
987 3703 1146 3782 sequentis

246 3804 411 3865 obtruncat
432 3807 580 3866 Brutus?
611 3804 731 3864 trutina
753 3803 917 3882 suspendis
938 3801 1046 3880 iniqua

330 3901 360 3958 4*
