3094 4494
637 408 852 458 OXONIENSIS

244 565 419 642 scriptores,
443 585 565 626 morem
586 566 714 644 ignoras
735 566 897 646 legemque
916 565 1075 646 malignus

244 664 407 740 scribendi,
431 668 540 726 nostro
561 664 596 724 in
616 665 749 726 num'ero
770 666 798 726 si
818 665 919 726 credis
938 664 1040 726 inesse

243 765 310 822 tam
331 762 481 824 timidum
502 783 701 841 quemquam,
726 765 848 824 utnon
869 763 912 824 sit
932 762 1074 842 iugulare
1094 766 1224 841 paratus

244 861 427 938 scriptorem
448 862 589 939 scriptor,
615 883 678 940 quo
698 882 731 924 se
752 863 898 939 prodesse
918 865 1080 940 perempto

138 961 141 968 '
243 960 408 1020 crediderit
428 961 554 1021 Romae.
599 963 841 1022 verumtamen
862 959 972 1038 accipe,
994 981 1066 1022 vere

243 1059 303 1119 hoc
324 1058 434 1118 dicam.
478 1078 581 1134 nemo,
604 1079 698 1121 nemo
718 1062 767 1120 est
787 1060 843 1137 qui
863 1058 973 1120 scribit
991 1059 1125 1136 ineptus.

242 1160 350 1217 excute
371 1175 437 1232 nos,
463 1159 565 1217 totam
585 1177 695 1219 censor
716 1157 918 1235 circumspice
939 1159 1099 1221 turmam:

242 1258 318 1316 tune
339 1274 440 1314 unum
461 1254 513 1315 hic
534 1255 643 1330 cernis,
667 1255 810 1333 placeant
831 1256 882 1316 cui
902 1254 1027 1316 sordida
1047 1274 1162 1331 rerum,

244 1353 298 1431 qui
318 1353 403 1415 socio
424 1353 571 1431 invideat,
596 1353 652 1431 qui
672 1373 705 1414 se
725 1353 851 1413 iactarit
871 1353 1004 1430 inepte?

242 1452 294 1512 hic
314 1472 409 1512 nemo
427 1453 484 1527 est,
501 1451 679 1530 pariterque
698 1470 817 1528 sumus,
838 1451 953 1512 chorus
972 1451 1083 1528 omnis,
1100 1451 1248 1512 honesti'

1096 1579 1210 1614 w.u.11.

711 2110 778 2152 xxx

500 2204 586 2288 Ἔαρ,
609 2205 736 2288 φίλιστε
757 2211 867 2285 μηνῶν,

498 2311 575 2391 γέλα
598 2314 693 2392 κορῶν
714 2307 840 2392 γέλωτα,

505 2412 609 2478 ἔπειτα
632 2411 658 2478 δ’
679 2415 712 2477 ἐκ
735 2414 868 2496 γέλωτος

505 2523 598 2597 κορῶν
622 2517 661 2582 ενδ
683 2522 773 2596 λεῖβε
795 2515 895 2597 δάκρυ.

502 2621 563 2703 ἔαρ,
586 2626 659 2703 πρὸς
681 2619 743 2686 ὦτα
765 2621 844 2702 τάμὰ

501 2726 650 2806 ἐρωτικῶς
672 2723 704 2791 δς
729 2725 836 2807 ἕρπεις,

501 2826 626 2910 λέγοντί
645 2853 696 2908 μοι
720 2828 830 2910 φόβων
853 2852 885 2893 τε

501 2929 547 3011 ἠδ’
571 2933 704 2996 ἐλπίδων
726 2931 859 3014 ἀριθμόν,

500 3041 602 3116 μηνῶν
625 3036 677 3117 ἔαρ
699 3037 834 3115 φίλιστε,

502 3138 622 3221 γέλωτα
644 3141 844 3221 χρυσοφεγγῆ

503 3242 607 3306 ἔπειτα
630 3242 654 3306 δ’
679 3241 764 3308 εὐθὺς
786 3242 872 3323 ἥσεις

501 3347 707 3428 χρυσόρρυτον
729 3343 768 3408 σὺ
790 3343 892 3428 δάκρυ.
