3094 4494
636 409 851 458 OXONIENSIS

713 850 763 892 x11

277 938 338 1006 ‘Os
360 941 451 1022 φίλος
475 939 633 1006 ἀθανάτοις
655 941 780 1006 πέλεται
802 947 893 1026 γενεᾷ
915 968 949 1008 τε
972 950 1098 1025 τροφαῖς
1121 972 1162 1019 τε,

327 1043 430 1107 οὔποθ’
453 1045 471 1106 ὅ
492 1043 520 1126 γ’
543 1045 693 1130 ἀλλοτρίῳ
715 1043 827 1124 λήματι
849 1051 957 1112 δοῦλος
979 1047 1047 1129 ἔφυ·

284 1148 388 1211 ἀσπίδι
411 1147 438 1210 δ’
460 1148 583 1230 οὐδεμιᾷ
604 1151 712 1230 χρῆται
736 1149 817 1227 πλὴν
839 1151 998 1232 φροντίσιν
1020 1151 1130 1232 ὀρθαῖς,

326 1249 396 1315 οάδέ
416 1250 526 1334 τέχνην
547 1253 637 1316 ἀσκεῖ
655 1252 736 1331 πλὴν
757 1256 795 1317 τά
816 1256 915 1319 δίκαια
935 1253 1046 1336 λέγειν.

285 1354 353 1418 οάδέ
374 1355 517 1435 τύραννον
540 1357 605 1440 ἔχει
627 1359 730 1441 ψυχῆς
753 1358 896 1422 ἔντοσθεν
919 1359 1023 1440 ἔρωτα·

327 1457 402 1542 ᾅδην
422 1456 449 1522 δ’
471 1459 505 1521 οά
526 1460 630 1527 δεδιδς
652 1460 746 1542 ἠρέμα
769 1461 969 1545 προσδέχεται

284 1561 358 1626 αίέν·
393 1563 459 1627 ἐπεὶ
482 1564 580 1629 κεῖνόν
602 1563 630 1645 γ’
653 1564 733 1631 οὔτις
756 1563 928 1646 προσέδησε
948 1567 1075 1646 μέριμνα

326 1666 366 1753 τῳ
385 1667 479 1750 βιότῳ
503 1673 629 1732 πολλῶν
652 1665 712 1732 οὔτ’
733 1668 847 1750 ὀλίγων
870 1668 986 1749 φάτιος.

284 1769 342 1834 οὐδ’
367 1771 498 1836 ὁπόσους
520 1796 553 1834 τε
575 1771 650 1854 τύχη
672 1771 822 1853 μεγάλους
845 1769 894 1834 καὶ
916 1773 1015 1852 τόλμα
1037 1772 1202 1854 προσαύξει

328 1875 415 1952 ζηλοῖ
434 1873 618 1955 ἐπιβλέψας,
641 1873 702 1938 οὐδ’
726 1875 835 1954 ἔμαθέν
857 1901 893 1957 γε
914 1877 1018 1939 παθὼν

284 1979 323 2044 ὥς
345 1977 412 2040 ποτ’
434 1980 624 2044 ἐπαινοῦντες
645 1979 763 2057 λώβαις
787 1979 947 2045 πλείσταις
970 1979 1133 2045 ἐκάκωσαν·

326 2083 359 2146 ἐν
382 2084 415 2146 δέ
436 2083 592 2148 πολιτείας
614 2082 693 2148 εῖδος
716 2082 784 2164 άγει
805 2082 840 2147 τὸ
864 2085 966 2148 καλόν.

284 2186 368 2252 οὗτος
391 2184 584 2264 ἀπήλλακται
607 2187 753 2268 γλώσσης
775 2185 968 2265 βλάπτοντος
993 2189 1109 2268 ἑταίρου

327 2291 470 2370 εὐσεβίας
494 2291 602 2375 ἐχυρὸν
624 2291 832 2372 κρησφύγετον
855 2291 999 2373 κατέχων,

283 2393 429 2476 οὔτεγὰρ
453 2394 485 2458 εά
507 2393 621 2475 πράξας
643 2395 715 2474 βίον
738 2392 775 2456 ἀν
799 2395 938 2458 θόπεσσι
960 2394 1113 2479 παράσχοι

327 2499 394 2562 οὔτε
416 2499 519 2562 πεσὼν
541 2499 628 2578 ὕβρει
650 2502 753 2579 καιρδν
776 2499 881 2561 ἐνόντα
902 2499 996 2562 λίποι.

282 2603 407 2682 δαίμονα
430 2603 465 2680 δὴ
488 2603 594 2668 νύκτας
617 2628 649 2667 τε
673 2600 721 2666 καὶ
742 2601 841 2681 ἥματα
864 2600 952 2666 πάνθ’
976 2605 1098 2668 ἱκετεύει

326 2707 447 2788 ἑρμαίαν
470 2707 612 2790 πρότερον
636 2712 706 2772 νοῦν
728 2705 837 2787 ἀρετήν
860 2732 893 2771 τε
916 2713 1027 2789 πορεῖν,

284 2813 316 2873 ἐν
338 2809 363 2873 δ’
388 2811 489 2875 ἀσινεῖ
507 2812 602 2896 βιότῳ
624 2811 736 2893 διάγων
760 2809 835 2890 ἦμαρ
858 2808 1041 2889 πανάμωμον

325 2911 344 2990 ἢ
368 2915 461 2994 φίλον
482 2911 501 2991 ἢ
524 2917 641 2994 βίβλον
664 2913 799 2994 σώφρον’
822 2914 1000 2994 ἐταιρίσατο.

283 3017 394 3098 θάρσος
417 3019 589 3097 ἐλευθερίαν
610 3043 642 3080 τε
665 3017 762 3094 νέμων
785 3016 820 3078 οὐ
842 3021 955 3095 δεσμδν
977 3014 1094 3098 ἐπέγνω

328 3120 450 3186 ἐλπίδος
474 3119 613 3200 αἰρούσης
636 3121 783 3201 ἀργαλέου
805 3145 837 3181 τε
860 3119 969 3198 φόβου·

283 3227 338 3306 γῆς
359 3227 414 3303 μέι·
436 3224 558 3305 ἀμοιρος
581 3225 639 3286 ἐδν
660 3223 810 3302 βασιλεὺς
832 3225 921 3285 αὑτοῦ
944 3248 981 3304 γε
1001 3222 1161 3305 πέφανται,

329 3331 440 3409 κλῆρον
462 3329 486 3392 δ’
511 3329 647 3412 ἐσχηκὼς
667 3327 791 3406 μηδένα,
814 3326 900 3390 πάντ’
923 3326 969 3409 ἄρ’
992 3329 1065 3413 ἔχει.

1147 3449 1171 3482 L.
1184 3449 1206 3482 0.
