<?xml version="1.0" encoding="UTF-8"?>
<!DOCTYPE html PUBLIC "-//W3C//DTD XHTML 1.0 Transitional//EN"
    "http://www.w3.org/TR/xhtml1/DTD/xhtml1-transitional.dtd">
<html xmlns="http://www.w3.org/1999/xhtml" xml:lang="en" lang="en">
 <head>
  <title>
</title>
<meta http-equiv="Content-Type" content="text/html;charset=utf-8" />
  <meta name='ocr-system' content='tesseract 3.04.00' />
  <meta name='ocr-capabilities' content='ocr_page ocr_carea ocr_par ocr_line ocrx_word'/>
</head>
<body>
  <div class='ocr_page' id='page_1' title='image "./novaanthologiao00godlgoog/novaanthologiao00godlgoog_0167.png"; bbox 0 0 3070 4490; ppageno 0'>
   <div class='ocr_carea' id='block_1_1' title="bbox 624 387 840 439">
    <p class='ocr_par' dir='ltr' id='par_1_1' title="bbox 624 387 840 439">
     <span class='ocr_line' id='line_1_1' title="bbox 624 387 840 439; baseline 0.005 -1"><span class='ocrx_word' id='word_1_1' title='bbox 624 387 840 439; x_wconf 84' lang='lat' dir='ltr'>OXONIENSIS</span> 
     </span>
    </p>
   </div>
   <div class='ocr_carea' id='block_1_2' title="bbox 709 865 748 906">
    <p class='ocr_par' dir='ltr' id='par_1_2' title="bbox 709 865 748 906">
     <span class='ocr_line' id='line_1_2' title="bbox 709 865 748 906; baseline 0.026 -1"><span class='ocrx_word' id='word_1_2' title='bbox 709 865 748 906; x_wconf 85' lang='lat' dir='ltr'><strong>XC</strong></span> 
     </span>
    </p>
   </div>
   <div class='ocr_carea' id='block_1_3' title="bbox 197 960 1184 2318">
    <p class='ocr_par' dir='ltr' id='par_1_3' title="bbox 276 960 1008 1138">
     <span class='ocr_line' id='line_1_3' title="bbox 276 960 1008 1039; baseline 0.001 -18"><span class='ocrx_word' id='word_1_3' title='bbox 276 964 323 1022; x_wconf 84' lang='lat' dir='ltr'><strong>Tu</strong></span> <span class='ocrx_word' id='word_1_4' title='bbox 344 963 416 1039; x_wconf 86' lang='lat' dir='ltr'><strong>fuge</strong></span> <span class='ocrx_word' id='word_1_5' title='bbox 436 980 609 1039; x_wconf 82' lang='lat' dir='ltr'><strong>purpureos</strong></span> <span class='ocrx_word' id='word_1_6' title='bbox 630 960 789 1021; x_wconf 70' lang='lat' dir='ltr'><strong>imitantia</strong></span> <span class='ocrx_word' id='word_1_7' title='bbox 809 961 864 1022; x_wconf 87' lang='lat' dir='ltr'><strong>fila</strong></span> <span class='ocrx_word' id='word_1_8' title='bbox 884 961 1008 1038; x_wconf 87' lang='lat' dir='ltr'><strong>colores,</strong></span> 
     </span>
     <span class='ocr_line' id='line_1_4' title="bbox 314 1059 962 1138; baseline 0.005 -20"><span class='ocrx_word' id='word_1_9' title='bbox 314 1062 345 1119; x_wconf 91' lang='lat' dir='ltr'><strong>et</strong></span> <span class='ocrx_word' id='word_1_10' title='bbox 366 1079 445 1136; x_wconf 90' lang='lat' dir='ltr'><strong>quae</strong></span> <span class='ocrx_word' id='word_1_11' title='bbox 465 1059 601 1120; x_wconf 88' lang='lat' dir='ltr'><strong>mentito</strong></span> <span class='ocrx_word' id='word_1_12' title='bbox 621 1060 697 1120; x_wconf 89' lang='lat' dir='ltr'><strong>flore</strong></span> <span class='ocrx_word' id='word_1_13' title='bbox 717 1061 821 1138; x_wconf 85' lang='lat' dir='ltr'><strong>tapeta</strong></span> <span class='ocrx_word' id='word_1_14' title='bbox 841 1059 962 1121; x_wconf 77' lang='lat' dir='ltr'><strong>nitent:</strong></span> 
     </span>
    </p>

    <p class='ocr_par' dir='ltr' id='par_1_4' title="bbox 274 1157 1075 1336">
     <span class='ocr_line' id='line_1_5' title="bbox 274 1157 1075 1235; baseline 0.004 -19"><span class='ocrx_word' id='word_1_15' title='bbox 274 1158 325 1217; x_wconf 85' lang='lat' dir='ltr'><strong>hic</strong></span> <span class='ocrx_word' id='word_1_16' title='bbox 345 1158 405 1218; x_wconf 91' lang='lat' dir='ltr'><strong>tibi</strong></span> <span class='ocrx_word' id='word_1_17' title='bbox 425 1161 505 1219; x_wconf 87' lang='lat' dir='ltr'><strong>serta</strong></span> <span class='ocrx_word' id='word_1_18' title='bbox 526 1158 605 1218; x_wconf 87' lang='lat' dir='ltr'><strong>roais</strong></span> <span class='ocrx_word' id='word_1_19' title='bbox 626 1158 775 1235; x_wconf 78' lang='lat' dir='ltr'><strong>spirantia</strong></span> <span class='ocrx_word' id='word_1_20' title='bbox 795 1157 936 1235; x_wconf 78' lang='lat' dir='ltr'><strong>suggerit</strong></span> <span class='ocrx_word' id='word_1_21' title='bbox 956 1159 1075 1234; x_wconf 86' lang='lat' dir='ltr'><strong>hortus,</strong></span> 
     </span>
     <span class='ocr_line' id='line_1_6' title="bbox 315 1257 954 1336; baseline 0.003 -20"><span class='ocrx_word' id='word_1_22' title='bbox 315 1257 366 1316; x_wconf 92' lang='lat' dir='ltr'><strong>hic</strong></span> <span class='ocrx_word' id='word_1_23' title='bbox 387 1276 494 1317; x_wconf 86' lang='lat' dir='ltr'><strong>ramus</strong></span> <span class='ocrx_word' id='word_1_24' title='bbox 515 1277 588 1317; x_wconf 84' lang='lat' dir='ltr'><strong>varo</strong></span> <span class='ocrx_word' id='word_1_25' title='bbox 610 1257 693 1333; x_wconf 88' lang='lat' dir='ltr'><strong>flore,</strong></span> <span class='ocrx_word' id='word_1_26' title='bbox 717 1257 829 1336; x_wconf 90' lang='lat' dir='ltr'><strong>puella,</strong></span> <span class='ocrx_word' id='word_1_27' title='bbox 854 1257 954 1318; x_wconf 82' lang='lat' dir='ltr'><strong>rubet.</strong></span> 
     </span>
    </p>

    <p class='ocr_par' dir='ltr' id='par_1_5' title="bbox 275 1355 1184 1532">
     <span class='ocr_line' id='line_1_7' title="bbox 275 1355 1184 1434; baseline 0.002 -22"><span class='ocrx_word' id='word_1_28' title='bbox 275 1355 285 1412; x_wconf 94' lang='lat' dir='ltr'><strong>i</strong></span> <span class='ocrx_word' id='word_1_29' title='bbox 307 1375 492 1432; x_wconf 91' lang='lat' dir='ltr'><strong>quocunque</strong></span> <span class='ocrx_word' id='word_1_30' title='bbox 512 1355 598 1430; x_wconf 85' lang='lat' dir='ltr'><strong>velis,</strong></span> <span class='ocrx_word' id='word_1_31' title='bbox 622 1375 754 1416; x_wconf 86' lang='lat' dir='ltr'><strong>vacuam</strong></span> <span class='ocrx_word' id='word_1_32' title='bbox 776 1356 869 1416; x_wconf 92' lang='lat' dir='ltr'><strong>modo</strong></span> <span class='ocrx_word' id='word_1_33' title='bbox 890 1355 1013 1434; x_wconf 89' lang='lat' dir='ltr'><strong>porrige</strong></span> <span class='ocrx_word' id='word_1_34' title='bbox 1035 1355 1184 1428; x_wconf 81' lang='lat' dir='ltr'><strong>dextram,</strong></span> 
     </span>
     <span class='ocr_line' id='line_1_8' title="bbox 314 1451 1015 1532; baseline 0.003 -20"><span class='ocrx_word' id='word_1_35' title='bbox 314 1453 372 1512; x_wconf 92' lang='lat' dir='ltr'><strong>flos</strong></span> <span class='ocrx_word' id='word_1_36' title='bbox 393 1473 449 1513; x_wconf 90' lang='lat' dir='ltr'><strong>nec</strong></span> <span class='ocrx_word' id='word_1_37' title='bbox 470 1451 612 1531; x_wconf 82' lang='lat' dir='ltr'><strong>opinanti</strong></span> <span class='ocrx_word' id='word_1_38' title='bbox 633 1455 788 1515; x_wconf 88' lang='lat' dir='ltr'><strong>clauditur</strong></span> <span class='ocrx_word' id='word_1_39' title='bbox 807 1455 875 1532; x_wconf 87' lang='lat' dir='ltr'><strong>ipse</strong></span> <span class='ocrx_word' id='word_1_40' title='bbox 897 1473 1015 1514; x_wconf 90' lang='lat' dir='ltr'><strong>manu:</strong></span> 
     </span>
    </p>

    <p class='ocr_par' dir='ltr' id='par_1_6' title="bbox 275 1551 1079 1729">
     <span class='ocr_line' id='line_1_9' title="bbox 275 1551 1079 1630; baseline 0.001 -19"><span class='ocrx_word' id='word_1_41' title='bbox 275 1554 286 1611; x_wconf 94' lang='lat' dir='ltr'><strong>i</strong></span> <span class='ocrx_word' id='word_1_42' title='bbox 309 1572 493 1629; x_wconf 90' lang='lat' dir='ltr'><strong>quocunque</strong></span> <span class='ocrx_word' id='word_1_43' title='bbox 513 1551 600 1623; x_wconf 82' lang='lat' dir='ltr'><strong>valis,</strong></span> <span class='ocrx_word' id='word_1_44' title='bbox 624 1552 757 1630; x_wconf 86' lang='lat' dir='ltr'><strong>vestigia</strong></span> <span class='ocrx_word' id='word_1_45' title='bbox 777 1573 860 1630; x_wconf 91' lang='lat' dir='ltr'><strong>pone</strong></span> <span class='ocrx_word' id='word_1_46' title='bbox 880 1572 937 1630; x_wconf 88' lang='lat' dir='ltr'><strong>per</strong></span> <span class='ocrx_word' id='word_1_47' title='bbox 957 1551 1079 1628; x_wconf 86' lang='lat' dir='ltr'><strong>herbas,</strong></span> 
     </span>
     <span class='ocr_line' id='line_1_10' title="bbox 318 1649 1028 1729; baseline 0 -18"><span class='ocrx_word' id='word_1_48' title='bbox 318 1671 356 1711; x_wconf 84' lang='lat' dir='ltr'><strong>an</strong></span> <span class='ocrx_word' id='word_1_49' title='bbox 379 1652 436 1711; x_wconf 89' lang='lat' dir='ltr'><strong>tibi</strong></span> <span class='ocrx_word' id='word_1_50' title='bbox 457 1649 516 1711; x_wconf 87' lang='lat' dir='ltr'><strong>sub</strong></span> <span class='ocrx_word' id='word_1_51' title='bbox 536 1651 669 1729; x_wconf 90' lang='lat' dir='ltr'><strong>pedibus</strong></span> <span class='ocrx_word' id='word_1_52' title='bbox 689 1651 781 1712; x_wconf 83' lang='lat' dir='ltr'><strong>bellis</strong></span> <span class='ocrx_word' id='word_1_53' title='bbox 801 1653 903 1712; x_wconf 86' lang='lat' dir='ltr'><strong>amata</strong></span> <span class='ocrx_word' id='word_1_54' title='bbox 923 1651 1028 1711; x_wconf 90' lang='lat' dir='ltr'><strong>micat.</strong></span> 
     </span>
    </p>

    <p class='ocr_par' dir='ltr' id='par_1_7' title="bbox 277 1749 1110 1925">
     <span class='ocr_line' id='line_1_11' title="bbox 277 1749 1110 1825; baseline 0.001 -16"><span class='ocrx_word' id='word_1_55' title='bbox 277 1751 318 1825; x_wconf 89' lang='lat' dir='ltr'><strong>hi,</strong></span> <span class='ocrx_word' id='word_1_56' title='bbox 342 1749 539 1825; x_wconf 86' lang='lat' dir='ltr'><strong>mihicrede,</strong></span> <span class='ocrx_word' id='word_1_57' title='bbox 563 1750 629 1810; x_wconf 87' lang='lat' dir='ltr'><strong>dies</strong></span> <span class='ocrx_word' id='word_1_58' title='bbox 649 1751 770 1810; x_wconf 91' lang='lat' dir='ltr'><strong>mundo</strong></span> <span class='ocrx_word' id='word_1_59' title='bbox 791 1753 937 1810; x_wconf 84' lang='lat' dir='ltr'><strong>nascente</strong></span> <span class='ocrx_word' id='word_1_60' title='bbox 958 1750 1110 1824; x_wconf 81' lang='lat' dir='ltr'><strong>nitebant,</strong></span> 
     </span>
     <span class='ocr_line' id='line_1_12' title="bbox 317 1845 965 1925; baseline 0.002 -18"><span class='ocrx_word' id='word_1_61' title='bbox 317 1848 393 1907; x_wconf 87' lang='lat' dir='ltr'><strong>haec</strong></span> <span class='ocrx_word' id='word_1_62' title='bbox 413 1845 536 1908; x_wconf 83' lang='lat' dir='ltr'><strong>novitas</strong></span> <span class='ocrx_word' id='word_1_63' title='bbox 556 1847 652 1925; x_wconf 90' lang='lat' dir='ltr'><strong>primi</strong></span> <span class='ocrx_word' id='word_1_64' title='bbox 672 1847 766 1908; x_wconf 90' lang='lat' dir='ltr'><strong>florea</strong></span> <span class='ocrx_word' id='word_1_65' title='bbox 786 1849 871 1908; x_wconf 88' lang='lat' dir='ltr'><strong>veris</strong></span> <span class='ocrx_word' id='word_1_66' title='bbox 892 1852 965 1908; x_wconf 91' lang='lat' dir='ltr'><strong>erat.</strong></span> 
     </span>
    </p>

    <p class='ocr_par' dir='ltr' id='par_1_8' title="bbox 197 1946 1029 2123">
     <span class='ocr_line' id='line_1_13' title="bbox 197 1946 1029 2024; baseline 0.002 -19"><span class='ocrx_word' id='word_1_67' title='bbox 197 1991 201 1998; x_wconf 75' lang='grc'>.</span> <span class='ocrx_word' id='word_1_68' title='bbox 278 1947 366 2007; x_wconf 89' lang='lat' dir='ltr'><strong>mille</strong></span> <span class='ocrx_word' id='word_1_69' title='bbox 386 1946 579 2006; x_wconf 81' lang='lat' dir='ltr'><strong>indistinctis</strong></span> <span class='ocrx_word' id='word_1_70' title='bbox 598 1946 654 2006; x_wconf 88' lang='lat' dir='ltr'><strong>lux</strong></span> <span class='ocrx_word' id='word_1_71' title='bbox 667 1947 735 2024; x_wconf 88' lang='lat' dir='ltr'><strong>ipsa</strong></span> <span class='ocrx_word' id='word_1_72' title='bbox 755 1946 912 2007; x_wconf 88' lang='lat' dir='ltr'><strong>coloribus</strong></span> <span class='ocrx_word' id='word_1_73' title='bbox 932 1948 1029 2022; x_wconf 87' lang='lat' dir='ltr'><strong>ardet,</strong></span> 
     </span>
     <span class='ocr_line' id='line_1_14' title="bbox 319 2044 1023 2123; baseline 0 -18"><span class='ocrx_word' id='word_1_74' title='bbox 319 2045 497 2105; x_wconf 81' lang='lat' dir='ltr'><strong>Panchaeos</strong></span> <span class='ocrx_word' id='word_1_75' title='bbox 518 2045 630 2105; x_wconf 90' lang='lat' dir='ltr'><strong>referet</strong></span> <span class='ocrx_word' id='word_1_76' title='bbox 651 2044 807 2123; x_wconf 91' lang='lat' dir='ltr'><strong>quaelibet</strong></span> <span class='ocrx_word' id='word_1_77' title='bbox 826 2065 902 2105; x_wconf 90' lang='lat' dir='ltr'><strong>aura</strong></span> <span class='ocrx_word' id='word_1_78' title='bbox 922 2053 1023 2106; x_wconf 86' lang='grc'>110101.</span> 
     </span>
    </p>

    <p class='ocr_par' dir='ltr' id='par_1_9' title="bbox 277 2142 1133 2318">
     <span class='ocr_line' id='line_1_15' title="bbox 277 2142 1025 2221; baseline 0 -18"><span class='ocrx_word' id='word_1_79' title='bbox 277 2143 486 2221; x_wconf 87' lang='lat' dir='ltr'><strong>puniceasque</strong></span> <span class='ocrx_word' id='word_1_80' title='bbox 506 2163 591 2203; x_wconf 85' lang='lat' dir='ltr'><strong>rosas</strong></span> <span class='ocrx_word' id='word_1_81' title='bbox 611 2146 642 2203; x_wconf 90' lang='lat' dir='ltr'><strong>et</strong></span> <span class='ocrx_word' id='word_1_82' title='bbox 664 2143 818 2204; x_wconf 87' lang='lat' dir='ltr'><strong>caeruleos</strong></span> <span class='ocrx_word' id='word_1_83' title='bbox 838 2142 1025 2221; x_wconf 77' lang='lat' dir='ltr'><strong>hyacinthos</strong></span> 
     </span>
     <span class='ocr_line' id='line_1_16' title="bbox 319 2241 1133 2318; baseline 0.001 -17"><span class='ocrx_word' id='word_1_84' title='bbox 319 2242 511 2318; x_wconf 85' lang='lat' dir='ltr'><strong>candidaque</strong></span> <span class='ocrx_word' id='word_1_85' title='bbox 531 2241 632 2302; x_wconf 87' lang='lat' dir='ltr'><strong>imbre</strong></span> <span class='ocrx_word' id='word_1_86' title='bbox 653 2243 784 2303; x_wconf 87' lang='lat' dir='ltr'><strong>madens</strong></span> <span class='ocrx_word' id='word_1_87' title='bbox 805 2241 872 2302; x_wconf 92' lang='lat' dir='ltr'><strong>lilia</strong></span> <span class='ocrx_word' id='word_1_88' title='bbox 892 2241 974 2302; x_wconf 83' lang='lat' dir='ltr'><strong>fudit</strong></span> <span class='ocrx_word' id='word_1_89' title='bbox 995 2242 1133 2302; x_wconf 89' lang='lat' dir='ltr'><strong>humus:</strong></span> 
     </span>
    </p>
   </div>
   <div class='ocr_carea' id='block_1_4' title="bbox 279 2339 1034 2515">
    <p class='ocr_par' dir='ltr' id='par_1_10' title="bbox 279 2339 1034 2515">
     <span class='ocr_line' id='line_1_17' title="bbox 279 2339 1034 2418; baseline 0 -19"><span class='ocrx_word' id='word_1_90' title='bbox 279 2339 341 2399; x_wconf 91' lang='lat' dir='ltr'><strong>irin</strong></span> <span class='ocrx_word' id='word_1_91' title='bbox 362 2361 434 2400; x_wconf 93' lang='lat' dir='ltr'><strong>cum</strong></span> <span class='ocrx_word' id='word_1_92' title='bbox 454 2340 562 2416; x_wconf 89' lang='lat' dir='ltr'><strong>pluvia</strong></span> <span class='ocrx_word' id='word_1_93' title='bbox 580 2341 701 2418; x_wconf 88' lang='lat' dir='ltr'><strong>lapsam</strong></span> <span class='ocrx_word' id='word_1_94' title='bbox 721 2341 847 2401; x_wconf 89' lang='lat' dir='ltr'><strong>labente</strong></span> <span class='ocrx_word' id='word_1_95' title='bbox 868 2361 924 2418; x_wconf 88' lang='lat' dir='ltr'><strong>per</strong></span> <span class='ocrx_word' id='word_1_96' title='bbox 943 2360 1034 2401; x_wconf 90' lang='lat' dir='ltr'><strong>auras</strong></span> 
     </span>
     <span class='ocr_line' id='line_1_18' title="bbox 321 2435 974 2515; baseline 0.003 -21"><span class='ocrx_word' id='word_1_97' title='bbox 321 2435 390 2495; x_wconf 90' lang='lat' dir='ltr'><strong>luce</strong></span> <span class='ocrx_word' id='word_1_98' title='bbox 411 2435 545 2515; x_wconf 83' lang='lat' dir='ltr'><strong>colorata</strong></span> <span class='ocrx_word' id='word_1_99' title='bbox 564 2455 636 2496; x_wconf 84' lang='lat' dir='ltr'><strong>rura</strong></span> <span class='ocrx_word' id='word_1_100' title='bbox 656 2435 773 2514; x_wconf 83' lang='lat' dir='ltr'><strong>rigasse</strong></span> <span class='ocrx_word' id='word_1_101' title='bbox 794 2438 893 2514; x_wconf 85' lang='lat' dir='ltr'><strong>putea.</strong></span> <span class='ocrx_word' id='word_1_102' title='bbox 971 2497 974 2504; x_wconf 85' lang='grc'>,</span> 
     </span>
    </p>
   </div>
   <div class='ocr_carea' id='block_1_5' title="bbox 271 2533 1136 3200">
    <p class='ocr_par' dir='ltr' id='par_1_11' title="bbox 281 2533 1009 2709">
     <span class='ocr_line' id='line_1_19' title="bbox 281 2533 1009 2612; baseline 0.001 -19"><span class='ocrx_word' id='word_1_103' title='bbox 281 2533 358 2610; x_wconf 91' lang='lat' dir='ltr'><strong>quin</strong></span> <span class='ocrx_word' id='word_1_104' title='bbox 379 2537 410 2594; x_wconf 87' lang='grc'><strong>11</strong></span> <span class='ocrx_word' id='word_1_105' title='bbox 428 2535 462 2595; x_wconf 94' lang='lat' dir='ltr'><strong>in</strong></span> <span class='ocrx_word' id='word_1_106' title='bbox 483 2535 549 2595; x_wconf 85' lang='lat' dir='ltr'><strong>Eoo</strong></span> <span class='ocrx_word' id='word_1_107' title='bbox 570 2533 692 2612; x_wconf 85' lang='lat' dir='ltr'><strong>fulgent</strong></span> <span class='ocrx_word' id='word_1_108' title='bbox 714 2554 795 2596; x_wconf 88' lang='lat' dir='ltr'><strong>nova</strong></span> <span class='ocrx_word' id='word_1_109' title='bbox 815 2534 881 2594; x_wconf 91' lang='lat' dir='ltr'><strong>lilia</strong></span> <span class='ocrx_word' id='word_1_110' title='bbox 902 2533 1009 2608; x_wconf 81' lang='lat' dir='ltr'><strong>cae103</strong></span> 
     </span>
     <span class='ocr_line' id='line_1_20' title="bbox 321 2632 991 2709; baseline 0 -17"><span class='ocrx_word' id='word_1_111' title='bbox 321 2632 448 2693; x_wconf 90' lang='lat' dir='ltr'><strong>hortum</strong></span> <span class='ocrx_word' id='word_1_112' title='bbox 470 2632 545 2693; x_wconf 87' lang='lat' dir='ltr'><strong>solis</strong></span> <span class='ocrx_word' id='word_1_113' title='bbox 565 2632 609 2692; x_wconf 92' lang='lat' dir='ltr'><strong>ibi</strong></span> <span class='ocrx_word' id='word_1_114' title='bbox 629 2634 765 2709; x_wconf 86' lang='lat' dir='ltr'><strong>vivaque</strong></span> <span class='ocrx_word' id='word_1_115' title='bbox 785 2636 867 2692; x_wconf 83' lang='lat' dir='ltr'><strong>sarta</strong></span> <span class='ocrx_word' id='word_1_116' title='bbox 886 2632 991 2692; x_wconf 83' lang='lat' dir='ltr'><strong>vides:</strong></span> 
     </span>
    </p>

    <p class='ocr_par' dir='ltr' id='par_1_12' title="bbox 282 2730 1136 2806">
     <span class='ocr_line' id='line_1_21' title="bbox 282 2730 1136 2806; baseline -0.001 -17"><span class='ocrx_word' id='word_1_117' title='bbox 282 2731 350 2806; x_wconf 87' lang='lat' dir='ltr'><strong>ipsa</strong></span> <span class='ocrx_word' id='word_1_118' title='bbox 370 2732 500 2792; x_wconf 86' lang='lat' dir='ltr'><strong>trahunt</strong></span> <span class='ocrx_word' id='word_1_119' title='bbox 520 2752 659 2793; x_wconf 80' lang='lat' dir='ltr'><strong>croceam</strong></span> <span class='ocrx_word' id='word_1_120' title='bbox 680 2731 836 2792; x_wconf 90' lang='lat' dir='ltr'><strong>currentia</strong></span> <span class='ocrx_word' id='word_1_121' title='bbox 856 2731 992 2792; x_wconf 91' lang='lat' dir='ltr'><strong>flumina</strong></span> <span class='ocrx_word' id='word_1_122' title='bbox 1012 2730 1136 2805; x_wconf 87' lang='lat' dir='ltr'><strong>lucem;</strong></span> 
     </span>
    </p>

    <p class='ocr_par' dir='ltr' id='par_1_13' title="bbox 271 2829 1094 2907">
     <span class='ocr_line' id='line_1_22' title="bbox 271 2829 1094 2907; baseline -0.002 -18"><span class='ocrx_word' id='word_1_123' title='bbox 271 2857 272 2860; x_wconf 40' lang='lat'>¹</span> <span class='ocrx_word' id='word_1_124' title='bbox 323 2829 399 2889; x_wconf 92' lang='lat' dir='ltr'><strong>dum</strong></span> <span class='ocrx_word' id='word_1_125' title='bbox 420 2830 547 2907; x_wconf 86' lang='lat' dir='ltr'><strong>fugiunt</strong></span> <span class='ocrx_word' id='word_1_126' title='bbox 568 2830 716 2890; x_wconf 84' lang='lat' dir='ltr'><strong>Phoebus</strong></span> <span class='ocrx_word' id='word_1_127' title='bbox 736 2829 812 2890; x_wconf 91' lang='lat' dir='ltr'><strong>flore</strong></span> <span class='ocrx_word' id='word_1_128' title='bbox 832 2831 958 2889; x_wconf 89' lang='lat' dir='ltr'><strong>coronat</strong></span> <span class='ocrx_word' id='word_1_129' title='bbox 979 2847 1094 2905; x_wconf 83' lang='lat' dir='ltr'><strong>aquas;</strong></span> 
     </span>
    </p>

    <p class='ocr_par' dir='ltr' id='par_1_14' title="bbox 283 2927 1057 3102">
     <span class='ocr_line' id='line_1_23' title="bbox 283 2927 1039 3008; baseline -0.003 -19"><span class='ocrx_word' id='word_1_130' title='bbox 283 2929 404 3007; x_wconf 85' lang='lat' dir='ltr'><strong>suspice</strong></span> <span class='ocrx_word' id='word_1_131' title='bbox 424 2932 468 3004; x_wconf 92' lang='lat' dir='ltr'><strong>tu,</strong></span> <span class='ocrx_word' id='word_1_132' title='bbox 493 2930 602 3008; x_wconf 78' lang='lat' dir='ltr'><strong>virg0;</strong></span> <span class='ocrx_word' id='word_1_133' title='bbox 624 2931 729 3007; x_wconf 85' lang='lat' dir='ltr'><strong>portas</strong></span> <span class='ocrx_word' id='word_1_134' title='bbox 750 2930 875 2990; x_wconf 85' lang='lat' dir='ltr'><strong>Aurora</strong></span> <span class='ocrx_word' id='word_1_135' title='bbox 895 2927 1039 2988; x_wconf 84' lang='lat' dir='ltr'><strong>rubentis</strong></span> 
     </span>
     <span class='ocr_line' id='line_1_24' title="bbox 323 3023 1057 3102; baseline -0.003 -17"><span class='ocrx_word' id='word_1_136' title='bbox 323 3026 432 3102; x_wconf 90' lang='lat' dir='ltr'><strong>pandit</strong></span> <span class='ocrx_word' id='word_1_137' title='bbox 453 3046 522 3085; x_wconf 88' lang='grc'>1011</span> <span class='ocrx_word' id='word_1_138' title='bbox 542 3027 672 3086; x_wconf 84' lang='lat' dir='ltr'><strong>madens</strong></span> <span class='ocrx_word' id='word_1_139' title='bbox 693 3029 729 3085; x_wconf 88' lang='lat' dir='ltr'><strong>ut</strong></span> <span class='ocrx_word' id='word_1_140' title='bbox 749 3045 819 3084; x_wconf 85' lang='lat' dir='ltr'><strong>rosa</strong></span> <span class='ocrx_word' id='word_1_141' title='bbox 839 3044 913 3085; x_wconf 85' lang='lat' dir='ltr'><strong>vere</strong></span> <span class='ocrx_word' id='word_1_142' title='bbox 934 3023 1057 3084; x_wconf 90' lang='lat' dir='ltr'><strong>sinum:</strong></span> 
     </span>
    </p>

    <p class='ocr_par' dir='ltr' id='par_1_15' title="bbox 282 3122 929 3200">
     <span class='ocr_line' id='line_1_25' title="bbox 282 3122 929 3200; baseline 0 -18"><span class='ocrx_word' id='word_1_143' title='bbox 282 3145 307 3199; x_wconf 87' lang='grc'><strong>1,</strong></span> <span class='ocrx_word' id='word_1_144' title='bbox 331 3123 433 3200; x_wconf 84' lang='lat' dir='ltr'><strong>fugias</strong></span> <span class='ocrx_word' id='word_1_145' title='bbox 453 3123 533 3183; x_wconf 87' lang='lat' dir='ltr'><strong>tales</strong></span> <span class='ocrx_word' id='word_1_146' title='bbox 552 3123 711 3184; x_wconf 89' lang='lat' dir='ltr'><strong>imitantia</strong></span> <span class='ocrx_word' id='word_1_147' title='bbox 730 3123 784 3182; x_wconf 91' lang='lat' dir='ltr'><strong>fila</strong></span> <span class='ocrx_word' id='word_1_148' title='bbox 805 3122 929 3198; x_wconf 91' lang='lat' dir='ltr'><strong>colores,</strong></span> 
     </span>
    </p>
   </div>
   <div class='ocr_carea' id='block_1_6' title="bbox 324 3220 1208 3367">
    <p class='ocr_par' dir='ltr' id='par_1_16' title="bbox 324 3220 1208 3367">
     <span class='ocr_line' id='line_1_26' title="bbox 324 3220 944 3298; baseline 0.003 -18"><span class='ocrx_word' id='word_1_149' title='bbox 324 3220 468 3282; x_wconf 85' lang='lat' dir='ltr'><strong>mentitis</strong></span> <span class='ocrx_word' id='word_1_150' title='bbox 487 3220 589 3298; x_wconf 83' lang='lat' dir='ltr'><strong>fugias</strong></span> <span class='ocrx_word' id='word_1_151' title='bbox 609 3224 731 3281; x_wconf 87' lang='lat' dir='ltr'><strong>nectere</strong></span> <span class='ocrx_word' id='word_1_152' title='bbox 752 3224 836 3282; x_wconf 87' lang='lat' dir='ltr'><strong>serta</strong></span> <span class='ocrx_word' id='word_1_153' title='bbox 857 3221 944 3282; x_wconf 87' lang='lat' dir='ltr'><strong>rosis.</strong></span> 
     </span>
     <span class='ocr_line' id='line_1_27' title="bbox 1113 3331 1208 3367; baseline -0.021 0"><span class='ocrx_word' id='word_1_154' title='bbox 1113 3333 1136 3367; x_wconf 76' lang='lat' dir='ltr'><strong>E.</strong></span> <span class='ocrx_word' id='word_1_155' title='bbox 1144 3332 1167 3367; x_wconf 77' lang='lat'><strong>0.</strong></span> <span class='ocrx_word' id='word_1_156' title='bbox 1175 3331 1208 3366; x_wconf 83' lang='lat' dir='ltr'><strong>W.</strong></span> 
     </span>
    </p>
   </div>
   <div class='ocr_carea' id='block_1_7' title="bbox 0 0 1558 4490">
    <p class='ocr_par' dir='ltr' id='par_1_17' title="bbox 0 0 1558 4490">
     <span class='ocr_line' id='line_1_28' title="bbox 0 0 1558 4490; baseline 0 0"><span class='ocrx_word' id='word_1_157' title='bbox 0 0 1558 4490; x_wconf 95' lang='lat' dir='ltr'><strong> </strong></span> 
     </span>
    </p>
   </div>
  </div>
 </body>
</html>
