3094 4494
629 384 844 432 OXONIENSIS

712 917 761 957 vn

278 1010 341 1069 Neo
361 1029 489 1070 scaenae
509 1012 616 1072 nocuit
637 1031 735 1088 prava
754 1012 831 1072 haec
852 1011 1012 1072 comoedia
1033 1014 1176 1086 tantum;

277 1108 466 1185 scriptorum
486 1109 612 1186 ingenio
634 1110 757 1170 nocuit:
785 1109 863 1187 quin
883 1108 977 1169 noxia
997 1130 1101 1170 mores

278 1205 385 1266 infecit
405 1209 538 1268 nostros.
582 1210 712 1284 patruae
732 1208 807 1268 hinc
827 1208 910 1267 mala
932 1208 1032 1267 taedia
1053 1208 1194 1286 linguae:

280 1304 401 1363 ‘fabula
414 1305 481 1366 vita
495 1305 663 1366 hominum
677 1308 746 1382 est,'
764 1306 862 1380 aiunt,
881 1306 1057 1367 ‘comoedia
1070 1306 1141 1367 lena
1150 1309 1234 1368 ost’:

276 1403 320 1461 sio
341 1403 468 1478 sapiunt
488 1406 625 1479 patruos,
649 1404 729 1464 lauti
749 1404 885 1482 salsique
905 1405 1052 1466 videntur

276 1520 342 1560 esse
364 1501 424 1561 sibi
444 1502 620 1579 populoque
641 1503 772 1579 placent,
797 1523 876 1580 quos
898 1503 936 1562 ad
957 1523 1038 1563 nova
1059 1503 1144 1563 vires

277 1598 425 1658 deficiunt
445 1601 600 1677 fingenda
644 1621 764 1677 parum,
789 1621 850 1679 qua
871 1601 975 1662 vivore
996 1601 1096 1662 vitam

276 1717 411 1774 aequum
432 1698 474 1757 sit
495 1698 622 1774 ratione,
644 1699 769 1759 vident:
798 1701 919 1759 semota
940 1700 1079 1759 ferarum

277 1816 294 1854 a
314 1796 381 1856 vita
401 1798 433 1855 et
453 1796 547 1873 longo
568 1797 711 1857 nondum
730 1798 870 1874 perculta
890 1797 995 1858 labore

275 1896 341 1954 vita
359 1894 528 1955 hominum
547 1895 605 1955 hos
624 1896 769 1956 homines
787 1916 882 1973 quam
900 1895 942 1956 sit
959 1896 1096 1972 pretiosa
1114 1896 1232 1956 fefellit.

276 1994 351 2052 haec
372 2013 437 2053 non
456 1994 575 2053 morosi
595 1997 738 2054 tantum:
765 1995 856 2054 molli
876 1994 1048 2071 timidoque

276 2092 464 2169 quicumque
485 2095 533 2151 est
553 2093 667 2167 animo,
691 2093 797 2166 credit,
822 2113 896 2152 mox
916 2094 997 2152 seria
1018 2093 1120 2153 ducit:

277 2211 351 2249 nam
373 2194 487 2267 quotus
508 2193 565 2265 est,
590 2191 688 2250 oculis
708 2191 763 2269 qui
784 2191 901 2251 circum
922 2191 1078 2250 adstantia
1099 2192 1192 2252 rectis

276 2288 412 2365 aspiciat,
438 2291 552 2366 quotus
572 2292 605 2348 et
626 2289 728 2349 suevit
749 2289 936 2365 perpendere
959 2310 1096 2366 quaeque

276 2388 363 2446 lance
384 2390 467 2448 sua?
498 2403 555 2448 nec
575 2388 670 2462 onim,
694 2387 818 2464 seimus,
843 2389 1002 2448 comoedia
1022 2389 1088 2449 vita
1108 2393 1163 2464 est

276 2487 328 2544 sed
349 2486 495 2545 lacrimas
515 2487 611 2546 habet
630 2491 663 2546 et
683 2487 773 2562 risus,
798 2507 854 2546 nec
875 2489 967 2566 turpe
988 2488 1099 2547 Thalia

275 2585 422 2644 exodium
442 2587 568 2644 tantum
589 2586 688 2663 fingit.
733 2587 787 2645 sed
808 2590 896 2645 vecta
917 2606 972 2662 por
992 2607 1108 2663 aequor

275 2683 395 2760 pulpita
415 2683 563 2759 pestifero
583 2684 732 2745 lustravit
753 2705 817 2744 non
838 2704 895 2744 sua
915 2705 1023 2761 gressu

275 2781 379 2840 fabula
401 2782 599 2856 Graecorum,
624 2782 711 2842 flexit
731 2803 826 2859 quam
847 2783 964 2842 insulsa
985 2801 1122 2859 propago

276 2879 309 2937 in
330 2879 418 2955 peius
434 2880 631 2957 similemque
652 2881 713 2940 sibi
733 2881 849 2940 lasciva
869 2881 1018 2957 poposcit.

275 2998 349 3037 mox
370 2978 452 3038 faece
473 2979 634 3051 exhausta,
658 2982 765 3039 motus
784 2980 892 3039 edocta
914 2979 1047 3052 decoros,

275 3076 411 3152 plurima
431 3075 569 3136 ridendis
590 3077 753 3137 coniunxit
774 3077 883 3151 taedia,
908 3077 1007 3135 nodos

276 3175 359 3233 idem
380 3194 452 3233 cum
474 3194 596 3251 semper
617 3174 733 3234 vindex
753 3175 872 3233 laxaret
892 3175 1026 3236 eosdem.

276 3293 340 3332 non
360 3271 478 3332 etenim
498 3275 553 3331 aut
574 3292 701 3347 operam
722 3272 854 3348 scriptor
875 3273 960 3332 dedit
981 3276 1035 3333 aut
1056 3295 1113 3334 sua
1133 3275 1224 3335 fortis

274 3373 399 3445 pectora
420 3370 576 3430 concussit
597 3371 689 3429 rebus
709 3370 841 3430 fecunda
861 3373 1023 3436 novandis

1091 3480 1125 3513 W·
1134 3481 1158 3516 R.
1169 3480 1198 3514 Η.
