3072 4490
639 432 854 480 OXONIENSIS

694 665 802 706 cnxvn

286 760 355 820 Mos
375 763 443 820 erat
464 762 539 821 haee
560 779 688 821 narrare
711 761 787 835 seni,
812 761 840 820 si
861 760 982 820 viderat
1003 761 1087 821 ullos

286 917 438 977 invidiam
460 917 560 978 socios
580 917 757 994 violataque
779 918 848 977 iura
869 918 1036 994 querentis.

289 1076 391 1137 ‘Urbs
412 1078 540 1153 antique
560 1076 622 1136 fuit
642 1077 769 1153 (nomen
788 1075 869 1135 mihi
890 1076 1019 1136 sustulit
1039 1077 1143 1152 uetes),

284 1234 378 1310 inque
399 1235 467 1294 foro
488 1234 591 1293 stabat
611 1234 740 1294 Themis
761 1254 861 1308 aurea,
885 1234 959 1294 nixu
980 1234 1144 1294 columna:

202 1457 205 1464 ,
284 1392 371 1452 laeva
392 1410 505 1450 manus
527 1391 632 1450 lances
652 1411 670 1450 e
691 1409 778 1449 more
799 1390 934 1464 tenebat,
959 1393 991 1449 et
1011 1410 1119 1451 ensem

283 1548 418 1609 dextera.
464 1548 508 1607 sie
529 1548 631 1625 patuit
653 1547 823 1608 Themidos
843 1547 1003 1624 popularia
1023 1547 1092 1607 iura

284 1723 352 1764 esee
373 1704 433 1763 sub
454 1704 587 1780 imperio
608 1705 758 1781 sedesque
779 1706 811 1763 et
832 1702 925 1762 eorda
945 1703 1097 1762 virorum.
1118 1754 1124 1758 .

284 1861 456 1938 quinetiam
478 1881 590 1938 parvas
611 1861 687 1938 ipsis
707 1862 741 1920 in
762 1861 904 1921 lancibus
925 1862 1015 1920 aedes

283 2015 439 2090 ponebant
458 2015 620 2090 volueres3
647 2035 712 2075 non
733 2015 805 2074 illes
821 2014 947 2090 fulgura
967 2015 1060 2074 feni'

282 2174 460 2232 terruerant
481 2173 618 2250 solisque
639 2193 733 2249 supra
754 2173 906 2232 radiantis
927 2173 1040 2249 imago.

282 2349 339 2388 nee
359 2329 466 2388 minus
487 2329 521 2389 in
542 2330 630 2405 peius
650 2329 735 2405 leges
755 2329 956 2390 volventibus
977 2330 1070 2390 annis

281 2487 452 2546 tendebant
472 2489 504 2546 et
524 2486 573 2546 vis
594 2487 694 2563 eoepit
714 2507 770 2563 pro
791 2486 859 2564 lege
880 2486 991 2561 velere,

281 2645 313 2701 ei
333 2643 429 2703 nimis
450 2664 630 2720 oppressam
651 2644 710 2703 sub
730 2643 839 2721 iniquo
860 2644 997 2720 pondere
1017 2643 1141 2720 plebem

280 2796 437 2855 vexabant
457 2815 608 2872 proceres.
653 2797 778 2873 iamque
799 2795 899 2872 ipsius
920 2795 955 2855 in
975 2796 1039 2855 lare
1061 2796 1144 2873 regis

279 2953 395 3012 amissa
415 2955 463 3013 est
483 2955 619 3030 iorqueS,
641 2952 780 3029 furtique
800 2953 982 3028 perentibus
1003 2952 1079 3012 orba

276 3131 350 3171 mox
371 3131 422 3170 rea
443 3111 480 3171 fit
501 3111 598 3187 virgo,
622 3111 713 3171 tectis
733 3110 846 3170 aneilla
867 3111 926 3170 sub
946 3109 1055 3170 isdem.

279 3268 346 3328 iure
367 3288 404 3328 ea
426 3269 561 3328 mentito
582 3268 692 3345 cepitis
712 3269 888 3342 damnetur,
912 3269 944 3326 et
965 3267 1049 3343 ipsos

277 3430 350 3485 ante
371 3425 465 3501 pedes
486 3425 656 3485 Themidos
676 3424 761 3484 subit
781 3443 878 3500 aequo
899 3425 1022 3499 pectore
1043 3427 1198 3498 moriem3

278 3583 417 3659 dumque
437 3580 543 3641 anima
563 3582 597 3639 in
618 3582 705 3640 sedes
725 3581 810 3640 volat
831 3580 1013 3657 incorrupte
1033 3581 1156 3657 piorum

278 3739 406 3799 horrida
426 3740 595 3815 tempestas
616 3737 836 3815 superingruit,
860 3735 1012 3814 igneaque
1032 3756 1102 3797 aere
