3094 4494
641 396 858 447 OXONIENSIS

707 1003 794 1044 xxm

290 1098 447 1176 Despicit:
475 1101 568 1177 atque
589 1098 638 1159 illi
658 1099 752 1160 facies
773 1099 928 1160 latissima
948 1103 1048 1160 terrae

288 1201 425 1275 apparet,
449 1198 597 1276 sedesque
617 1198 786 1259 hominum
806 1197 1010 1276 florentisque
1030 1218 1124 1260 arva:

289 1296 340 1355 hio
361 1297 496 1356 Martem
515 1297 620 1358 videt:
649 1296 786 1357 excelsae
807 1299 895 1361 stant
914 1297 1055 1357 turribus
1076 1297 1176 1373 urbes,

288 1394 539 1473 conveniuntque
559 1395 621 1456 viri
641 1395 733 1456 vultu
754 1395 820 1455 fera
840 1395 923 1455 bella
943 1394 1109 1470 minantes,

289 1493 409 1571 ingenti
430 1493 538 1570 speeie,
563 1493 610 1552 nil
631 1513 696 1553 non
717 1494 830 1554 audere
851 1492 958 1570 parati

288 1607 361 1664 pars
381 1587 506 1666 rapidos
526 1590 647 1649 exercet
667 1607 771 1665 equos,
795 1607 869 1665 pars
889 1587 1008 1665 spicula
1029 1591 1160 1666 gestant,

290 1685 412 1761 diversi,
436 1688 492 1746 aut
512 1685 612 1746 aciem
633 1685 710 1746 soeii
729 1685 944 1762 glomerentur
964 1686 999 1746 in
1020 1706 1133 1747 unam:

290 1784 346 1846 hie¹
361 1784 480 1861 equites
500 1784 595 1859 videt,
619 1784 671 1844 hie
692 1784 828 1860 pedites:
855 1784 943 1845 venit
963 1785 1101 1862 undique
1122 1785 1220 1861 miles,

291 1903 354 1942 non
374 1885 508 1942 temere:
535 1883 610 1942 hino
630 1882 715 1942 idem
734 1901 867 1960 magnos
887 1882 968 1943 leoto
988 1883 1113 1961 agmine
1134 1887 1248 1961 tauros,

290 1984 396 2041 tauros
416 1984 449 2042 et
469 1981 562 2058 pleno
583 1981 737 2041 formosas
757 1981 851 2041 ubere
870 2000 980 2042 vaocas

289 2100 306 2137 e
328 2078 427 2154 pratis
448 2079 546 2154 abigit
565 2079 617 2140 vel
636 2077 806 2156 pinguibus
824 2078 917 2156 eripit
938 2080 1021 2158 agris

290 2177 444 2254 lanigeras
464 2178 628 2254 praedator
649 2176 735 2238 ovis:
762 2177 817 2238 vix
837 2176 981 2237 hostibus
1002 2178 1068 2254 ipse

290 2276 425 2353 effugere
446 2296 463 2336 e
483 2275 597 2336 mediis
617 2275 776 2353 sooiosque
797 2295 949 2336 aroessere
969 2279 1092 2353 pastor:

290 2374 338 2433 illi
358 2374 481 2450 adsunt,
506 2374 668 2452 multoque
689 2374 790 2435 oritur
811 2392 884 2433 oum
904 2373 1056 2452 sanguine
1077 2394 1190 2454 pugna.

291 2473 409 2533 erudeli
429 2473 504 2533 ludo
525 2491 558 2532 se
578 2472 761 2534 commisere
782 2473 945 2534 cohortes:

292 2591 353 2648 qua
373 2571 466 2631 modo
487 2572 654 2649 pascebant
673 2572 813 2649 peoudes,
838 2571 973 2632 ridentia
992 2574 1080 2649 prata

292 2689 376 2730 nuno
397 2670 518 2731 deserta
538 2670 655 2731 iaoent:
683 2689 767 2730 nuno
786 2669 905 2748 passim
926 2673 1025 2732 strata
1046 2672 1190 2730 eruentes

291 2788 379 2828 anna
398 2768 505 2828 virum
525 2787 650 2844 campos
670 2771 703 2828 et
723 2787 830 2846 sparsa
850 2768 999 2830 cadavera
1020 2768 1154 2828 foedant

292 2869 392 2926 castra
412 2866 517 2926 looant
538 2866 593 2924 alii
612 2868 645 2926 et
665 2866 824 2926 munitam
845 2866 1023 2926 oomminus
1044 2865 1156 2925 urbem

292 2963 452 3024 obsidione
472 2966 621 3041 premunt
641 2964 792 3041 scalisque
813 2967 868 3024 aut
889 2964 983 3024 ariete
1003 2965 1168 3042 temptent,

292 3062 483 3123 effodiuntve
504 3062 628 3124 aditusz
654 3061 704 3121 illi
723 3062 761 3122 de
782 3062 946 3123 moenibus
967 3062 1091 3122 hostem

292 3160 478 3238 proturbant
497 3159 607 3219 iaoulis
626 3163 659 3220 et
679 3179 753 3220 saxa
773 3179 809 3220 ae
830 3159 959 3221 sulfuris
981 3159 1087 3238 ignem

292 3258 468 3336 proioiunt:
498 3258 605 3319 eaedes
624 3260 656 3320 et
676 3258 757 3320 faeta
778 3259 918 3336 ingentia
937 3260 1094 3340 utrinque.

1117 3371 1143 3406 A.
1154 3370 1180 3407 D.
1193 3371 1217 3407 0.
