3072 4490
614 413 829 461 OXONIENSIS

671 1126 765 1166 CLXXI

262 1219 346 1293 Quae
369 1220 479 1314 deinde
500 1220 645 1281 intulerit
665 1222 757 1282 facies
778 1242 810 1282 se
831 1222 919 1298 mira,
945 1223 1016 1300 quis
1036 1224 1129 1290 audet

261 1317 386 1379 dicore?
420 1339 495 1379 nam
515 1319 611 1380 viridi
631 1321 796 1380 devolsum
817 1321 894 1381 colle
917 1322 1102 1381 barathrum

263 1417 460 1478 transversas
481 1417 582 1494 aperit
601 1418 705 1479 fauces
725 1418 887 1496 cedrisque
907 1419 1048 1479 minatur

260 1515 426 1593 adpositis:
455 1536 547 1593 asper
565 1517 637 1576 visu
658 1518 787 1595 diraque
807 1518 963 1578 verendus

205 1643 210 1651 ·
260 1615 410 1692 religione
431 1615 527 1690 loeus,
553 1616 685 1692 qualem,
710 1615 786 1675 dum
808 1617 967 1676 contrahit
987 1617 1070 1694 ignis

260 1715 405 1792 Cynthia,
430 1715 559 1774 desertis
579 1714 730 1790 implebat
750 1715 878 1774 vocibus
900 1715 968 1776 Ino.

260 1815 293 1872 at
313 1813 462 1872 barathro
482 1832 520 1871 ex
543 1812 616 1886 imo,
640 1813 730 1872 velut
751 1833 820 1872 acer
842 1813 1000 1872 anhelitus
1021 1813 1123 1890 ipsam

259 1911 407 1970 tellurem
426 1913 518 1986 atque
540 1910 605 1969 imo
627 1913 752 1987 quasset
771 1910 955 1971 fundamine
977 1913 1092 1986 Manes,

258 2009 373 2068 emicat
392 2029 433 2068 en
454 2009 581 2084 rapidus
601 2008 736 2069 ferventi
757 2009 879 2086 gurgite
901 2012 1033 2074 torrens.

158 2176 162 2183 ⁵
260 2127 316 2167 nec
335 2110 441 2167 tamen
459 2108 605 2167 adsidue:
627 2127 755 2184 spumas
774 2128 911 2185 namque
924 2109 1007 2169 inter
1023 2113 1055 2170 et
1072 2113 1194 2170 aestum

260 2206 390 2282 grandia
411 2225 485 2265 saxa
504 2205 632 2280 volant3
653 2207 698 2266 sic
718 2207 809 2266 tectis
830 2206 960 2267 horrida
980 2209 1106 2285 grando,

260 2304 305 2363 sic
325 2305 418 2364 tritae
439 2305 564 2377 saliunt,
588 2307 702 2382 urguet
723 2305 800 2364 dum
820 2325 951 2382 vannus,
976 2326 1099 2367 avenae.

259 2402 312 2462 hic
333 2403 394 2463 sibi
413 2423 470 2479 per
490 2404 608 2463 saltum
628 2405 661 2463 et
680 2403 846 2464 volitantia
866 2405 1023 2480 fragmina
1043 2407 1161 2466 montis

260 2501 379 2576 rumpit
399 2501 460 2560 iter
479 2501 596 2561 fluvius
617 2502 773 2578 sacrisque
793 2502 929 2561 elabitur
949 2503 1051 2564 undis.

260 2599 370 2659 deinde
391 2600 519 2660 brevem
539 2600 640 2660 vitam
660 2601 784 2676 rapiens
803 2620 932 2660 nemora
953 2602 1036 2662 inter
1056 2605 1088 2662 et
1108 2623 1198 2680 agros

258 2699 400 2774 implicat
420 2697 603 2758 innumeros
624 2719 718 2775 gyros
739 2719 927 2776 cursumque
948 2703 1098 2775 moratur,

260 2797 554 2874 nequiquam-iam
574 2797 648 2856 finis
669 2797 755 2857 adest
776 2798 937 2874 antrisque
958 2799 1147 2875 propinquat

258 2895 430 2970 immensis,
454 2895 623 2955 hominum
643 2895 725 2955 nulli
745 2915 824 2972 quae
845 2916 968 2956 cernere
990 2897 1037 2956 fas
1058 2900 1113 2971 est,

258 2994 495 3072 stagnantisque
516 2994 592 3054 adeo
613 3014 646 3053 se
667 2995 807 3055 condidit
827 3015 959 3072 aequore
979 2996 1070 3071 ponti

258 3113 330 3152 cum
351 3092 475 3152 sonitu:
503 3095 536 3152 at
555 3093 647 3170 longe
669 3112 813 3152 resonare
834 3093 956 3153 audivit
975 3093 1076 3153 avitas

258 3192 382 3251 Aeneas
402 3211 502 3264 voces,
526 3192 699 3251 certumst
720 3191 895 3267 praedicere
916 3192 1042 3252 bellum

1149 3305 1175 3340 A.
1189 3305 1217 3338 la.
