3070 4490
614 367 829 417 OXONIENSIS

383 547 462 605 quae
481 548 538 605 per
558 528 725 604 inmensas,
749 547 829 606 vaga
850 527 950 603 turba,
973 529 1073 586 terras

382 625 517 688 subditis
536 628 657 688 mundo
678 627 823 687 recinunt
843 625 1022 702 frequentes

381 745 456 786 voce
477 728 508 785 te
529 726 656 787 divum:
685 729 741 786 tua
761 725 809 786 fas
829 724 928 785 beatis

466 843 520 884 ora
540 824 631 885 tueri

384 925 420 982 tu
441 926 530 999 potes
551 942 660 983 muros
681 921 850 983 hominum
869 919 1031 997 inpiorum

383 1020 522 1081 scindere
543 1023 576 1080 et
597 1023 719 1080 turmas
739 1020 873 1081 retinere
895 1019 1020 1079 dextra:

382 1121 418 1179 tu
438 1118 556 1196 premis
576 1118 707 1179 Titanas
727 1137 885 1194 ovansque
906 1116 1007 1177 tristis

464 1217 568 1276 mittis
587 1218 623 1276 in
643 1236 722 1277 uras.

383 1311 487 1371 fronte
508 1310 633 1372 divinos
652 1310 806 1371 iaculatus
826 1309 910 1388 ignis

383 1408 518 1486 porrigis
537 1409 600 1469 late
621 1408 714 1471 decus
733 1412 825 1485 atque
845 1427 969 1483 nomen,

381 1507 449 1568 vim
469 1508 677 1585 superborum
697 1507 876 1568 truculenta
895 1507 993 1568 donee

463 1606 574 1666 obruat
593 1607 687 1666 unda.

683 2117 758 2158 XCIV

259 2213 307 2274 Tu
328 2214 429 2290 eapies
452 2214 557 2290 oeulis,
583 2214 723 2290 capimus
744 2233 803 2272 nos
824 2231 905 2287 aune,
929 2213 1102 2286 Menoeceu,

259 2333 354 2389 quam
374 2313 477 2373 multo
498 2312 619 2372 assultu
639 2315 802 2388 portamm
822 2310 963 2387 ingentia
983 2311 1102 2387 septem

259 2411 395 2470 claustra
415 2410 528 2485 labent,
553 2413 670 2488 quanta
691 2409 810 2470 resonis
831 2410 915 2470 Mars
935 2409 1018 2469 mole
1039 2408 1173 2469 vehatur

258 2509 376 2570 axibus.
422 2511 455 2568 at
475 2529 574 2586 neque
595 2509 659 2568 iam
679 2509 777 2569 frenis
798 2508 934 2569 tinnitus
956 2528 1053 2569 aeuus

258 2628 314 2667 nee
335 2612 434 2668 cessat
455 2608 610 2668 elemorve
631 2607 710 2670 viris
731 2609 884 2670 stridorve
906 2607 1037 2686 sagittis,

258 2706 500 2783 cornipedumve
522 2710 646 2782 putrem
667 2708 811 2785 quatiens
833 2707 904 2768 silet
924 2707 1042 2784 ungula
1063 2723 1217 2780 eampum.

257 2804 384 2864 assidua
404 2805 572 2881 strepitant
592 2826 739 2866 saxorum
761 2806 912 2884 grandine
933 2806 1034 2865 muri:

256 2902 309 2962 hie
329 2923 424 2978 supra
443 2906 554 2978 turres,
577 2904 630 2963 hie
650 2906 786 2964 structae
811 2903 949 2963 carmine
970 2905 1085 2979 portae,

256 3001 442 3061 vulneribus
462 3001 603 3061 titubant
623 3001 849 3080 geminatisque
869 3001 984 3060 ictibus
1004 3000 1144 3074 horrent,

256 3100 352 3159 ariete
374 3099 489 3159 ferrato
510 3100 594 3160 Mars
614 3102 652 3160 ut
672 3102 768 3161 tonat.
813 3099 916 3176 aeeipe
937 3119 1029 3159 voees

256 3217 335 3274 quas
355 3197 431 3257 urbs
450 3197 539 3257 intus
560 3200 639 3274 agat,
663 3217 759 3274 quam
779 3217 844 3256 non
864 3196 1007 3257 laetabile
1028 3216 1174 3257 murmur

256 3296 382 3357 vincula
402 3298 620 3371 praemetuens
641 3295 727 3355 eieat.
772 3298 949 3372 nuptaeque
969 3295 1151 3372 puellaeque

254 3397 287 3454 et
307 3396 432 3469 matres,
456 3396 489 3453 et
511 3393 566 3470 qui
586 3393 687 3453 duleis
708 3394 802 3453 modo
823 3393 945 3454 lumina
965 3394 1057 3470 vitae,

254 3493 345 3553 balba
366 3493 485 3566 cohors,
510 3491 620 3567 sortiti,
644 3496 676 3551 et
696 3511 773 3568 quos
794 3495 934 3552 extrema
955 3496 1098 3553 senectus

254 3594 345 3652 noete
367 3590 503 3665 umbrat,
526 3590 675 3666 prostrati
695 3591 798 3667 adytis
819 3612 875 3668 per
895 3591 1006 3652 limina
1027 3591 1145 3669 passim

254 3689 427 3750 sollicitant
447 3688 576 3765 planetu
597 3689 686 3750 divos
705 3693 898 3769 poscuntque
920 3691 1065 3750 salutem.

1077 3800 1102 3834 F.
1114 3798 1149 3834 DF.
1161 3800 1184 3834 P.
