3070 4490
631 373 847 424 OXONIENSIS

686 664 790 704 XLVIII

300 779 333 836 Γ.
360 773 406 837 Ὢ
428 774 502 856 πρὸς
524 775 556 837 τί
574 776 678 858 χρείας
699 781 759 840 τῶν
781 775 881 857 λόγων
904 781 1054 856 φειδωλὸς
1078 776 1113 854 εἶ,

365 879 463 961 χοῦτω
487 880 606 962 σιωπᾷς
630 878 740 944 κούκέτ’
766 879 895 956 ἀσπάζει
917 880 1051 959 φίλους;

186 1049 196 1068 ⁴
303 986 335 1043 B.
368 981 420 1044 οὐκ
443 983 509 1046 ἐστὶ
532 979 589 1064 γάρ
610 1007 662 1062 μοι
683 981 801 1066 ῥήμαθ’,
824 983 870 1048 οίς
892 983 1008 1062 χαίρειν
1032 983 1092 1047 ἔδει
1183 941 1196 1071 ί

368 1087 463 1149 εἰπεῖν
486 1087 619 1166 φίλοισι,
642 1092 791 1167 γλῶσσαν
813 1085 847 1149 οὗ
869 1061 1105 1182 δεῖίξυλλαβεῖν
1185 1109 1196 1126 ·

366 1193 477 1268 φρενὸς
500 1188 651 1267 νοσούσης
674 1190 753 1253 ὥστε
776 1171 921 1268 κούφιόαι
938 1173 1048 1268 βάρος.

303 1293 335 1355 Γ.
369 1293 401 1356 έν
423 1293 463 1378 τῷ
485 1292 643 1376 παραυτίχ’
666 1293 704 1360 ὡς
727 1293 812 1359 ἀπὼν
835 1293 940 1374 ἀλγεῖς
963 1295 1066 1373 μόνον.

301 1400 334 1456 Β.
365 1397 398 1458 έν
420 1399 460 1481 τῷ
481 1397 635 1477 παραυτίκ’
658 1395 762 1478 ἄλγος,
785 1393 822 1475 ἢν
844 1395 924 1481 χαρά
944 1395 974 1477 γ’
996 1396 1068 1484 ἀπῇ.

300 1504 331 1562 Γ.
366 1499 436 1562 ἀλλ’
459 1499 495 1579 ἓξ
517 1500 566 1578 ἔτη
591 1526 642 1566 σοι
665 1500 722 1565 σὺν
743 1501 832 1585 τάχει
854 1501 1041 1582 παροίχεται.

301 1607 334 1665 Β.
366 1603 504 1686 χαίροντί
523 1603 563 1686 γ’·
594 1603 688 1688 ἄλγος
711 1604 736 1669 δ’
761 1604 797 1684 ἐξ
817 1609 883 1671 ἑνὸς
907 1609 990 1668 ποιεῖ
1010 1603 1091 1668 δέκα.

301 1711 332 1768 Γ.
368 1708 565 1788 ὁδοιπορῆσαι
586 1707 721 1790 τέρψεως
743 1709 834 1793 χάριν
855 1708 947 1772 δόκει.

301 1814 334 1872 Β.
367 1810 452 1875 οὐδέν
474 1815 510 1873 τὸ
532 1810 617 1890 δόξαι
640 1816 726 1875 τοῦτο
749 1812 832 1892 πλὴν
854 1812 972 1878 στένειν
995 1813 1092 1892 φέρει,

365 1913 405 1980 ὣς
428 1915 549 1994 είσομαί
568 1943 604 1998 γε
626 1915 700 1996 πρὸς
722 1917 796 1996 βίον
818 1916 940 1999 φεόγων
962 1915 1068 1999 χθόνα.

300 2023 332 2081 Γ.
365 2015 420 2096 τήν
441 2043 488 2082 τοι
511 2019 605 2084 πάλιν
628 2017 773 2099 κυλλίον’,
798 2021 824 2084 εί
843 2020 964 2099 κάμνεις
987 2019 1053 2103 ὁδῷ,

365 2119 442 2200 ἔξεις
464 2123 596 2202 πορείαν·
626 2123 665 2188 ὡς
688 2124 753 2208 ἔχει
776 2122 813 2187 τὰ
835 2125 917 2202 τίμια

367 2229 426 2290 τῶν
446 2224 487 2304 μὴ
511 2227 687 2307 πρεπόντων
710 2228 824 2307 κόσμον
847 2225 884 2305 ἐξ
904 2228 1031 2306 ὁμιλίας.

300 2333 334 2390 Β.
366 2330 423 2414 ὁπῇ
446 2331 501 2408 μὲν
524 2329 577 2393 οὖν
599 2330 657 2410 εἶμ’
680 2333 712 2395 έν
734 2332 837 2397 πόνοις
860 2331 1023 2409 ἀλώμενος,

365 2431 464 2512 μνήμη
488 2431 629 2512 ξυνέσται
651 2439 770 2514 μᾶλλον
793 2435 832 2502 ὡς
854 2435 943 2517 γαίας
966 2434 1045 2498 πολὺ

364 2538 457 2615 μῆκός
478 2537 508 2618 μ’
533 2539 668 2621 ἀπείργει
691 2545 750 2602 τῶν
773 2536 837 2618 ἐμοὶ
858 2537 1041 2617 τιμωμένων.

365 2645 412 2704 δεῖ
430 2640 470 2720 μ’,
493 2641 533 2707 ὡς
556 2642 644 2722 ἔοικε,
667 2645 739 2730 τῇδε
762 2641 932 2707 δουλεύονθ
956 2643 1015 2728 ὁδῷ

366 2747 464 2826 πόρρω
488 2751 662 2810 πλυνῖισθαι
686 2749 833 2827 πατρίδος·
866 2746 922 2811 εἶθ’
945 2748 1018 2810 ὅταν
1039 2745 1135 2809 πάλιν

365 2848 574 2932 ἐλευθερωθεὶς
597 2852 690 2918 ἀστὸς
712 2853 755 2918 εἷς
779 2850 889 2917 ἀστοὺς
911 2857 998 2928 τελῶ,

365 2951 462 3030 λόπης
484 2954 604 3033 βιώσας
627 2954 800 3037 προστάτου
823 2952 1025 3036 γεγράψομοι.

301 3061 332 3118 Γ.
365 3057 416 3121 οὐκ
439 3057 505 3121 ἔσθ’
528 3057 577 3122 ὑπ’
601 3059 706 3141 αὐγαῖς
727 3058 817 3138 ἡλίου
838 3065 944 3142 χῶρος,
966 3057 1079 3135 τέκνον,

365 3160 399 3223 οὗ
422 3168 484 3228 τοῖς
507 3167 617 3244 σοφοῖς
638 3189 674 3245 γε
696 3162 738 3243 μή
757 3161 835 3227 ’στιν
858 3163 979 3245 εὔορμος
1001 3161 1101 3244 λιμήν.

364 3261 444 3326 ταῦτ’
467 3263 504 3344 ἐξ
524 3263 655 3347 ἀνάγκης
678 3263 911 3347 ξυλλαγίζεσθαι
933 3264 1038 3343 μαθὼν

365 3365 474 3450 στέργ’·
505 3368 544 3435 ὧς
567 3367 682 3454 ἀνάγκῃ
705 3367 802 3432 πάντα
825 3373 942 3433 νικῖιται
965 3367 1065 3449 κράτη·

368 3472 443 3554 κούχ
465 3471 505 3538 ὡς
526 3470 655 3538 ἄνακτος
677 3472 816 3537 ἐκπεσὼν
837 3475 957 3540 πόλεως
979 3473 1036 3537 ὕπο

362 3575 476 3640 άνακτα
498 3575 523 3639 δ’
545 3575 635 3642 αὐτὸς
657 3575 696 3642 ὡς
718 3575 910 3656 μεταστήσας
933 3577 1049 3658 φρόνει·

363 3678 461 3756 λάπης
484 3679 541 3762 γὰρ
563 3677 610 3743 ἀεὶ
631 3685 734 3762 χεῖρον
757 3682 802 3746 οἶς
825 3679 1000 3764 ἐντυγχάνει

365 3783 475 3867 ἀθυμίᾳ
498 3781 645 3863 φέρουσιν
668 3784 799 3864 ἔγκειται
822 3783 926 3865 βάρος.
