3094 4494
642 394 858 445 OXONIENSIS

722 836 779 879 XVI

380 936 444 998 Οὐκ
467 935 606 1016 αἰσχρόν,
629 929 652 996 ὦ
676 939 825 1012 γυναῖκες,
848 932 988 1012 ὀμμάτων
1015 935 1076 998 ἄπο

381 1037 490 1100 τοιαῦτ’
516 1036 639 1116 ἀφεῖναι
664 1037 784 1115 καρδίας
807 1034 996 1115 τοξεύματα,·

381 1141 490 1223 ἄνδρας
513 1137 538 1201 τ’
560 1139 648 1205 θνιᾶν
670 1138 901 1219 εὐμενεστάτους
922 1143 1041 1221 βροτῶν

381 1244 518 1319 ἄνακτας,
539 1244 620 1322 ὑμῶν
643 1245 728 1322 οίπερ
751 1240 812 1308 εἰσὶ
836 1244 939 1324 κύριοι.

382 1347 434 1411 οὐκ
455 1347 524 1412 ίστε
546 1347 582 1426 δὴ
605 1346 640 1411 τὸ
663 1345 776 1414 κάλλος
798 1350 863 1412 οἷον
886 1346 990 1439 ἐξαμᾷ,

382 1451 473 1516 αύτως
496 1452 578 1517 ὅπως
600 1456 733 1529 λειμῶνα
756 1452 923 1516 δάπτουσιν
947 1451 1063 1534 πάγοι;

383 1554 452 1621 νέας
475 1555 509 1619 δὲ
529 1555 673 1634 βλάστας
696 1539 805 1633 άνεμοςΙ
829 1556 867 1622 ῶς
890 1560 1001 1640 σνγχεῖ
1022 1552 1122 1637 φέρων

384 1655 432 1721 καὶ
454 1663 544 1722 τούτο
566 1658 630 1739 λὰξ
648 1659 781 1737 ποτητὸν
804 1658 943 1724 εὔκλειαν
965 1660 1062 1740 φέρει.

383 1761 497 1844 οὐγὰρ
521 1763 675 1844 προσῆκόν
697 1767 783 1827 ἐστιν
806 1762 867 1827 οὐδ’
888 1761 934 1841 ἄρ’
958 1760 1092 1843 εύφιλές·

383 1866 563 1945 θυμούμεναι
586 1864 643 1948 γάρ
667 1868 761 1946 ἐσμεν
785 1866 824 1932 ῶς
848 1865 1001 1946 κυκωμένη

383 1969 465 2052 πηγὴ
486 1975 634 2053 γυναῖκες,
657 1969 801 2054 βορβόρῳ
823 1969 988 2052 μεμιγμένη

384 2078 418 2136 τδ
439 2072 514 2154 μήτε
536 2077 644 2156 γεῦσαι
665 2075 741 2152 μηδὲ
763 2072 868 2154 δίψιόν
891 2097 958 2136 τινα

382 2175 451 2255 μήτ’
472 2175 602 2256 ἀξιῶσαι
625 2179 766 2261 χείλεσιν
789 2181 886 2259 θιγεῖν
903 2175 1015 2258 άκροις.

383 2285 447 2346 πῶς
469 2281 503 2344 οὗ
525 2282 644 2347 πόσεως
666 2280 724 2365 χρὴ
747 2281 868 2345 δούλιον
890 2279 997 2361 φέρειν
1021 2279 1131 2361 ζυγόν,·

385 2382 464 2464 ἄναξ
483 2385 517 2450 ός
538 2385 604 2447 έστι
629 2384 726 2466 κύριός
747 2409 780 2447 τε
802 2384 942 2465 σώματος

386 2486 493 2568 φύλαξ
512 2487 536 2550 τ’
561 2486 615 2569 ἀφ’
636 2488 671 2551 ού
693 2487 728 2567 δὴ
750 2492 811 2554 πῶς
833 2488 1001 2569 ἆπαρτᾶται
1022 2489 1103 2567 βίος·

385 2590 418 2658 ὃς
440 2591 561 2671 κήδεται
584 2595 640 2657 σοΰ
662 2593 714 2668 τῆς
735 2618 768 2657 τε
792 2593 849 2669 σῆς
870 2596 986 2674 τροφῆς
1009 2588 1057 2656 ἀεὶ

386 2697 434 2759 καὶ
456 2694 560 2761 πολλὰ
581 2698 636 2777 μὲν
658 2697 698 2781 γῇ
720 2699 825 2759 πολλὰ
847 2695 873 2760 δ’
896 2695 933 2759 αὖ
955 2696 1067 2760 πόντου
1090 2695 1175 2775 σάλῳ

386 2800 490 2866 νυκτός
513 2825 546 2865 τε
570 2801 619 2863 καὶ
642 2799 705 2863 κατ’
729 2798 807 2882 ἦμαρ
831 2797 971 2878 έξαντλεῖ
994 2802 1070 2862 κακὰ

385 2905 479 2984 ῥιγῶν
501 2909 603 2967 πονῶν
625 2923 668 2968 τε’
699 2907 750 2966 τοῦ
773 2901 886 2987 χάριν;
918 2903 1017 2981 δόμων
1038 2901 1100 2965 έσω

387 3007 467 3071 ὅπως
490 3007 529 3070 σὺ
552 3007 637 3093 ναίῃς
657 3011 820 3085 μαλθακῶς
842 3005 1022 3088 ἐστρωμένη·

388 3109 453 3173 ἀνθ’
475 3112 516 3174 ῶν
540 3112 661 3174 ἀπαιτεῖ
680 3114 793 3188 μισθὸν
815 3109 903 3173 οὐδὲν
925 3109 1005 3171 ἄλλο
1028 3107 1110 3186 πλὴν

389 3214 491 3293 ἔρωτα,
513 3217 642 3296 φαιδρὸν
665 3215 744 3294 ὄμμα
768 3209 817 3276 καὶ
840 3212 1026 3296 πειθαρχίαν·

388 3315 426 3382 ὡς
450 3318 516 3381 ἀντὶ
539 3316 660 3396 παύρων
682 3314 786 3379 πολλὰ
809 3317 981 3397 κερδαίνεις,
1004 3316 1068 3398 ὅρα.

1168 3432 1194 3466 π.
1206 3431 1227 3468 ι.
