3070 4490
613 363 828 414 oxomssusls

704 717 745 762 ΙΝ

355 814 434 897 Μέγ’
456 812 493 894 ῆν
515 813 550 876 τδ
572 818 665 892 δῶμα,
688 813 851 896 διχότομον
873 812 982 878 κύκλον
1002 810 1101 895 μέρος,

355 922 511 982 δισσοῖσιν
532 919 615 1000 ὑψοῦ
637 916 736 982 κίοσιν
757 915 952 1010 Q&

357 1021 459 1102 θρόνοι
481 1020 508 1084 δ’
530 1023 652 1102 ἐνῆσαν,
673 1021 707 1084 οὗ
729 1018 791 1084 κατ’
816 1019 952 1086 εύκλείας
975 1019 1075 1102 κρίσιν

358 1125 484 1207 πρόμοις
507 1123 598 1204 ἃνοξί
619 1122 646 1188 θ’
666 1123 787 1206 ῆμένοις
807 1123 954 1188 λεύσσειν
974 1124 1081 1205 παρῆν.

360 1227 397 1308 ῆν
419 1228 446 1293 δ’
468 1230 623 1310 ἀκαλνφές
645 1229 806 1304 τούκεῖθεν,
829 1225 889 1292 ἔνθ’
912 1226 1068 1309 ὑπαίθριος

360 1332 447 1413 σταίη
469 1332 514 1397 ’πὶ
535 1332 674 1416 χύμασίν
696 1357 729 1398 τε
752 1329 800 1396 καὶ
820 1329 948 1414 βάθροις
968 1330 1056 1397 λειύς.

361 1438 394 1500 ἐν
416 1434 511 1500 τοῖσδ’
534 1435 654 1515 ἄσημον
675 1435 766 1519 χωρὶς
789 1435 900 1500 εὐθύνω
923 1433 1029 1515 βόσιν.

362 1539 428 1607 δαὶς
450 1539 476 1604 δ’
499 1538 634 1619 έξισοῖνσ’
655 1539 786 1621 ἤκμαζεν
805 1539 884 1625 ἡλίῳ
907 1539 1025 1622 δρόμον,

364 1642 465 1709 θυσίαι
488 1641 515 1707 τ’
538 1643 603 1708 ἐπεὶ
626 1643 770 1724 γέλωτος,
792 1643 910 1723 ἡδονῆς,
929 1641 1024 1723 μέθης

365 1747 469 1831 ψυχὴν
492 1748 641 1828 έπλησαν,
665 1747 739 1811 κατὰ
761 1748 833 1812 θέαν
855 1744 1068 1829 τετραμμένοις

363 1852 517 1932 πάνδημον
541 1851 626 1918 εὐθὺς
650 1856 749 1916 κεῖνον
770 1853 895 1934 εἰσῆγον
917 1850 1033 1932 λότριν,

367 1955 478 2034 σκενῆν
501 1953 653 2019 σταλέντα
673 1954 729 2033 τῆν
750 1955 934 2037 τεταγμένην
956 1955 1085 2019 πόλεως.

368 2057 462 2140 πόρος
482 2061 538 2138 μὲν
560 2058 661 2123 αιἰλιῖν
683 2056 843 2143 τνμπόνων
865 2056 891 2121 τ’
911 2057 959 2144 ᾔει
980 2058 1095 2139 ψόφος,

370 2162 456 2227 ἔνθεν
478 2165 511 2227 δὲ
534 2162 642 2227 κόνθεν
664 2162 799 2243 φύλακες
822 2159 1050 2242 ἐξωπλισμένοι,

371 2249 564 2347 πεδοστιβεῖς
588 2267 680 2346 ἱππῆς
702 2288 746 2333 τε·
775 2266 893 2350 πρόσθ’,
915 2267 1024 2330 ὄπισθε
1045 2266 1077 2329 δὲ

370 2375 502 2452 λογχῶν,
524 2368 686 2452 ἀτράκτων,
708 2376 885 2452 σφενδονῶν
907 2367 1075 2446 ἐπιστάται,

373 2475 474 2538 ἵππων
496 2499 530 2538 τε
552 2474 717 2539 πονόπλων
739 2473 874 2555 ἀμβόται
896 2472 1107 2556 τενχεσφόροι.

372 2577 418 2658 χῶ
440 2581 496 2659 μὲν
519 2578 606 2658 λειύς,
630 2577 669 2644 ὡς
692 2577 779 2657 εἶδεν,
801 2577 906 2659 αἰθέρα
929 2577 1029 2662 κτύπῳ

376 2681 487 2763 έπχιζ,
510 2681 642 2748 ἐπαίνοις
665 2683 876 2762 ἐνδατούμενος
899 2681 977 2755 θεόν,

377 2783 409 2850 δς
431 2784 543 2866 γοργὸν
565 2785 675 2867 ἐχθρὸν
697 2783 884 2866 προύξένησε
906 2785 1030 2868 χείριον.

377 2887 393 2946 ό
416 2887 442 2950 δ’
464 2885 614 2967 ἆδόματος
635 2886 702 2969 μέν,
723 2894 871 2970 καρτερῶν
893 2883 928 2966 δ’,
950 2888 981 2953 ἐς
1003 2887 1056 2950 τδν
1077 2885 1173 2950 τόπον

340 3071 343 3077 .
378 2988 465 3070 εἶρφ’,
488 2991 575 3071 οἷπερ
598 2989 682 3072 ῆγον·
713 2995 762 3056 καὶ
782 2991 821 3057 τὰ
842 2987 1098 3072 προστεταγμένα,

378 3089 434 3178 (ὢν
456 3090 494 3172 ῆν
515 3118 551 3172 γε
573 3099 662 3174 πεῖρα
684 3094 857 3177 δεργμάτων
878 3089 1058 3178 τητωμένῳ,)

380 3195 466 3276 έλξαι
490 3196 609 3260 σπόσαι
631 3222 673 3276 τε,
695 3198 853 3279 βαστάσαι
876 3197 1005 3279 θροῦσαί
1025 3197 1059 3277 τ’,
1082 3197 1126 3261 ἔτι

380 3299 490 3381 ἥθλησ’
513 3300 633 3385 ἀπίστῳ
656 3300 754 3366 πάντα
776 3302 941 3385 κᾶκπόγλῳ
964 3300 1080 3380 σθένει,

380 3405 494 3470 κούδεὶς
517 3404 631 3484 έτόλμο
653 3405 778 3489 τάνδρὸς
800 3407 900 3470 ἀντίον
921 3411 1035 3487 μολεῖν.

1106 3520 1213 3556 ΜΗ.
