3072 4490
563 401 566 412 ’
624 385 839 434 OXONIENSIS

686 577 782 618 cmv

270 686 333 746 Cur
354 707 428 747 vero
449 687 484 747 in
505 688 630 749 tristem
651 693 777 767 tempus
798 691 924 751 crudele
945 695 1118 769 tyrannum

311 785 392 845 bella
413 786 513 863 magis
533 787 637 848 valido
658 807 723 848 non
744 788 827 866 geris
847 789 915 864 ipse
935 792 1056 852 modo?

270 903 288 941 ο
311 883 337 943 si
358 883 530 960 decrepitos
550 886 643 945 iacias
665 887 845 946 munimina
864 888 899 946 in
919 908 1019 948 annos

309 981 368 1041 hae
389 983 488 1042 sterili
508 987 616 1044 nostra
635 985 829 1061 prosperiora
849 986 936 1062 lyra!

270 1082 334 1139 stas
354 1100 439 1140 nune
459 1082 494 1141 in
515 1101 677 1143 summum
697 1086 807 1143 vectus
827 1084 970 1144 felicibus
990 1085 1083 1162 horis,

309 1171 453 1256 ¹castaque
473 1181 614 1257 virgineo
636 1181 769 1257 despicis
790 1201 864 1242 arva
885 1182 970 1256 solo;

268 1277 358 1352 easta,
383 1279 438 1337 sed
459 1280 490 1337 et
511 1279 601 1338 vivos
622 1279 770 1355 praebere
790 1279 928 1339 volentia
948 1280 1047 1355 flores,

307 1375 439 1452 plusque
460 1376 613 1436 relaturos
634 1397 730 1454 quam
751 1377 917 1438 simulacra
938 1379 994 1438 tui.

266 1473 339 1534 viva
358 1475 458 1551 figura
479 1477 567 1534 tuam
587 1478 709 1553 reparat
730 1477 774 1536 sic
795 1477 928 1553 denique
949 1476 1058 1552 vitam,

307 1574 390 1649 quod
410 1573 528 1633 calamo
548 1577 602 1634 aut
623 1575 738 1634 tabulis
758 1595 809 1634 ars
828 1575 979 1636 hodierna
999 1576 1115 1652 nequit,

266 1690 330 1729 non
351 1671 444 1730 decus
464 1673 637 1748 externum,
662 1693 726 1732 non
746 1674 833 1734 intus
854 1675 998 1734 acumina
1018 1675 1141 1748 mentis,

306 1788 371 1829 non
391 1772 423 1829 te
443 1770 571 1829 demum
591 1770 661 1830 aliis
682 1791 797 1848 ponere
818 1773 908 1832 docta
928 1773 1010 1832 viris.

265 1869 297 1926 at
318 1869 420 1928 dando
442 1871 477 1928 tu
498 1872 530 1928 te
550 1889 663 1944 servas,
687 1869 834 1947 dulcique
855 1891 980 1931 neeesse
1000 1874 1048 1931 est

306 1969 341 2026 tu
362 1969 450 2027 vivas
470 1987 562 2044 opera
582 1968 723 2045 sculptus
744 1969 784 2029 ab
804 1970 871 2046 ipse
891 1972 955 2030 tua.

679 2344 760 2384 CLXV

263 2445 417 2524 Coniugio
437 2447 476 2506 ad
496 2446 622 2522 lentum,
646 2448 736 2508 fessis
756 2447 812 2507 ubi
832 2447 937 2507 debita
958 2449 1108 2510 membris

302 2545 367 2604 otia
387 2548 458 2622 post
478 2545 609 2624 longum
631 2549 718 2624 grata
738 2550 887 2624 parantur
909 2566 1005 2624 opus:

262 2662 351 2702 mens
371 2645 477 2703 tamen
498 2645 627 2704 effertur
647 2645 759 2705 studiis
782 2665 910 2722 operosa
929 2645 1070 2705 vicissim

302 2745 334 2802 et
354 2742 458 2818 posito
479 2746 601 2803 exercet
622 2745 714 2804 eorda
733 2743 840 2804 labore
862 2744 958 2803 labor.

261 2859 336 2900 nam
358 2841 464 2918 procul
485 2841 561 2901 hine
582 2844 691 2918 raptus
711 2843 795 2903 feror
814 2843 849 2902 in
870 2842 1042 2920 longinqua
1062 2843 1215 2920 locorum,

301 2941 333 2998 et
353 2939 404 3014 pia
424 2943 456 2999 te
476 2959 585 3000 versus
606 2961 696 3001 mens
717 2942 889 3002 meditatur
910 2942 986 3001 iter:

261 3056 318 3096 nea
339 3056 410 3097 mea
431 3037 619 3098 clauduntur
639 3039 820 3117 languentia
840 3040 963 3100 lumina
983 3060 1104 3114 somno,

300 3135 428 3213 visaque
451 3157 514 3197 nox
534 3137 633 3197 caeeis
654 3139 794 3198 cernitur
813 3141 886 3198 ante
906 3142 1023 3199 torum.

260 3238 293 3295 at
313 3236 398 3296 subit
418 3236 452 3295 in
473 3236 579 3296 visum
599 3234 774 3314 mediisque
796 3236 955 3314 effingitur
975 3237 1097 3298 umbris

300 3335 492 3408 umbratui
513 3334 615 3412 qualis
636 3337 773 3412 eorporis
794 3337 894 3397 instar
915 3337 1018 3397 habet.

258 3433 321 3510 illa,
344 3433 432 3493 velut
452 3433 620 3510 splendens
641 3434 796 3495 horrenda
816 3439 908 3497 nocte
928 3435 1062 3512 lapillus,

299 3536 353 3594 dat
373 3534 474 3608 decus,
498 3534 643 3610 antiquae
664 3535 766 3594 noetis
786 3537 819 3594 et
839 3555 893 3595 ora
913 3538 1019 3596 novat.

258 3634 302 3693 sie
323 3653 394 3693 mea
415 3633 557 3692 membra
578 3632 637 3708 die,
662 3633 707 3691 sie
727 3653 818 3693 mens
839 3636 870 3694 te
892 3636 982 3694 noete
1004 3633 1166 3711 requirens

298 3735 420 3792 aestuat
441 3731 570 3792 altenris
591 3731 759 3808 irrequieta
779 3731 881 3792 malis.
1125 3825 1137 3860 s
1158 3825 1175 3859 B

1086 3827 1112 3860 A.
1138 3847 1144 3861 .
1176 3847 1182 3860 .

298 3907 324 3952 17
