3094 4494
637 373 852 422 OXONIENSIS

705 553 782 592 xulv

328 639 368 700 Ti
389 639 451 716 δῆτ’
473 640 530 721 ἒρῶ
553 639 656 712 τοῦδ’,·
687 642 719 702 αἱ
742 641 800 722 γδρ
818 637 974 716 Ἕλληνες
998 639 1083 718 κόραι

329 739 444 818 ἀνδρῶν
467 738 585 821 ἐρῶσιν·
617 737 698 801 ἀλλὰ
721 738 839 819 πατρίδ’
862 739 914 801 οὐκ
938 740 1009 820 ἔχω,

330 839 424 924 δούλῃ
447 839 504 920 γδρ
528 836 612 920 οὐδέν
635 839 703 901 ἐστι
725 837 808 916 πλὴν
831 842 951 917 δεσμῶν
971 837 1075 916 μόνον,

331 937 362 999 ἐν
386 938 431 1002 οἶς
453 935 599 1018 μέγιστον
621 935 715 1019 ἄχθος
737 936 866 1018 ἡγοῦμαι
889 935 965 1010 τόδε,

330 1040 365 1099 τδ
387 1039 473 1099 τοῦδε
497 1041 746 1116 καταφρονοῦσαν
767 1035 837 1098 ἀλλ’
861 1035 941 1112 ὅμως
965 1036 1044 1115 ἔρᾶν.

271 1123 275 1130 ’
331 1133 400 1196 ἀλλ’
425 1133 539 1217 οὐγὰρ
562 1133 600 1198 ἂν
622 1135 742 1214 θέλοιμι
764 1134 842 1198 τοῦτ’
865 1135 968 1198 ἄλλως
992 1134 1084 1216 ἔχειν,

331 1232 502 1314 φανήσεται
525 1234 593 1316 γάρ,
617 1234 652 1297 οὗ
675 1239 788 1315 μακροῦ
811 1235 922 1316 χρόνον
944 1231 1045 1314 τριβή,

332 1333 432 1412 φίλων
454 1335 594 1416 χατίζων,
619 1332 679 1398 οὐδ’
701 1333 745 1397 ἔθ’
770 1333 892 1417 εὑρήσει
915 1333 1032 1414 φίλους.

332 1435 376 1496 κεί
399 1435 453 1512 μὲν
478 1435 596 1514 θρόνοις
618 1435 731 1497 ἔπαισα
753 1434 832 1498 τόνδ’
856 1433 1009 1512 ἐφήμενον

333 1531 501 1597 κάλλιστον
523 1534 612 1614 ἔργον
636 1532 671 1612 ἦν
694 1532 732 1598 ἂν
755 1531 1001 1616 ἐξειργασμένον,

331 1635 366 1691 τδ
389 1630 413 1694 δ’
438 1631 475 1694 αὖ
498 1637 661 1713 προδοῦναι
685 1637 738 1697 νῦν
760 1632 798 1696 δι’
823 1633 970 1716 αἰσχύνης
992 1632 1062 1715 ἔχω·

333 1729 393 1793 οὔτ’
416 1729 468 1795 οὖν
490 1732 667 1812 προλείπειν
690 1731 757 1795 οὔτε
779 1737 918 1814 τιμωρεῖν
940 1733 1024 1812 ἔφυν.

332 1831 381 1892 καὶ
404 1829 439 1907 δή
464 1829 590 1892 σέσωκα
612 1836 728 1909 τοῦτον,
752 1828 797 1911 ἆρ’
821 1833 851 1896 ἐς
874 1832 1003 1911 ὕστερον

332 1933 451 2004 μᾶλλον
475 1927 599 2008 φιλήσω
625 1927 695 2010 σφ’,·
722 1931 867 2010 οὐδαμῶς·
893 1929 968 2009 ἐμήν
992 1931 1047 2009 μὲν
1070 1927 1122 1992 οὖν

332 2027 437 2110 ψυχήν
459 2029 604 2108 προτίσω·
634 2027 693 2111 χρή
715 2027 781 2109 γάρ,
805 2029 844 2094 ὡς
867 2028 1056 2112 αἰσχύνομαι

333 2131 385 2188 τοῦ
409 2129 603 2207 θηλυμόρφον
625 2127 703 2191 τοῦδ’
730 2128 829 2207 ἑρῶσα
852 2128 1018 2208 βαρβάρου.

1099 2228 1128 2261 Η.
1142 2227 1174 2260 W.
1193 2228 1218 2261 0.

721 2359 783 2400 XLV

330 2447 363 2505 Si
377 2467 449 2506 ·n0n
470 2446 618 2506 aetheriis
639 2447 806 2522 prudentis
826 2447 919 2507 fluxit
939 2447 979 2506 ab
999 2446 1093 2506 astris

371 2545 437 2604 ulla
458 2545 547 2620 mihi,
572 2545 765 2622 astrologum
786 2565 837 2605 me
858 2547 965 2604 tamen
985 2565 1052 2604 esse
1072 2564 1149 2604 reor.

329 2664 393 2703 non
414 2644 560 2720 equidem
581 2645 657 2704 novi
678 2645 721 2704 sit
741 2664 810 2704 sors
830 2645 920 2718 bone,
944 2663 1049 2718 necne,
1073 2644 1188 2716 futura,

372 2763 412 2801 en
434 2743 511 2817 sitis
537 2763 576 2802 an
598 2743 702 2819 febris
727 2744 867 2818 eandida,
891 2762 996 2816 necne,
1021 2743 1096 2802 dies

332 2861 396 2900 non
416 2862 473 2919 ego
494 2843 665 2901 momentis
686 2862 744 2901 sua
764 2843 831 2900 feta
851 2841 1033 2902 volantibus
1053 2841 1120 2914 ede,

373 2941 448 3017 quid
468 2940 590 3000 tonitru
612 2943 666 3000 aut
686 2942 808 3015 ventus,
834 2940 949 3016 quidve
970 2939 1110 2998 minetur
1131 2938 1242 2998 hiems,

331 3059 396 3098 non
416 3058 473 3115 ego
494 3038 649 3098 vaticinor
670 3058 732 3114 quo
753 3040 856 3098 vertet
876 3037 1002 3113 regibus
1024 3055 1133 3113 annus,

372 3157 462 3213 saepe
483 3137 669 3214 requirendo
691 3135 828 3213 praescia
848 3135 939 3212 signe
959 3135 1031 3211 poli.

332 3255 370 3294 ex
391 3234 489 3295 oeulis
509 3255 580 3295 mea
601 3238 712 3295 ennete
733 3234 798 3294 tuis
818 3234 986 3311 prudentia
1006 3233 1107 3310 fiuxit,

372 3353 423 3393 ers
443 3353 513 3393 mea
534 3335 610 3393 sunt
631 3333 721 3409 oculi,
747 3333 849 3392 sidera
871 3335 963 3406 certa,
987 3333 1044 3393 tui.

332 3433 404 3491 inde
426 3432 495 3508 lego
516 3431 589 3492 fidei
609 3435 641 3491 et
663 3433 782 3491 formae
803 3451 881 3508 quae
903 3432 1037 3491 destinet
1059 3435 1150 3505 aetas,

375 3530 460 3590 haud
481 3530 541 3590 tibi
561 3532 615 3590 sed
636 3530 742 3607 generi
765 3530 793 3589 si
814 3531 971 3590 studuisse
991 3530 1078 3590 velie.

335 3629 481 3703 nolueris
507 3629 544 3690 de
565 3632 656 3706 teque
677 3630 737 3689 hoe
758 3649 912 3706 augurem
940 3629 1006 3704 ipse
1027 3628 1149 3705 peribis,

374 3731 406 3788 et
426 3728 545 3805 periere
566 3728 622 3788 illo
643 3728 745 3788 forma
765 3729 902 3805 fidesque
925 3729 982 3788 die.

1121 3823 1148 3856 A.
1163 3821 1183 3855 Γ.
1195 3821 1220 3854 B.
