<?xml version="1.0" encoding="UTF-8"?>
<!DOCTYPE html PUBLIC "-//W3C//DTD XHTML 1.0 Transitional//EN"
    "http://www.w3.org/TR/xhtml1/DTD/xhtml1-transitional.dtd">
<html xmlns="http://www.w3.org/1999/xhtml" xml:lang="en" lang="en">
 <head>
  <title>
</title>
<meta http-equiv="Content-Type" content="text/html;charset=utf-8" />
  <meta name='ocr-system' content='tesseract 3.04.00' />
  <meta name='ocr-capabilities' content='ocr_page ocr_carea ocr_par ocr_line ocrx_word'/>
</head>
<body>
  <div class='ocr_page' id='page_1' title='image "./novaanthologiao00godlgoog/novaanthologiao00godlgoog_0071.png"; bbox 0 0 3094 4494; ppageno 0'>
   <div class='ocr_carea' id='block_1_1' title="bbox 640 411 855 461">
    <p class='ocr_par' dir='ltr' id='par_1_1' title="bbox 640 411 855 461">
     <span class='ocr_line' id='line_1_1' title="bbox 640 411 855 461; baseline 0 -1"><span class='ocrx_word' id='word_1_1' title='bbox 640 411 855 461; x_wconf 85' lang='lat' dir='ltr'>OXONIENSIS</span> 
     </span>
    </p>
   </div>
   <div class='ocr_carea' id='block_1_2' title="bbox 700 679 795 720">
    <p class='ocr_par' dir='ltr' id='par_1_2' title="bbox 700 679 795 720">
     <span class='ocr_line' id='line_1_2' title="bbox 700 679 795 720; baseline 0 0"><span class='ocrx_word' id='word_1_2' title='bbox 700 679 795 720; x_wconf 82' lang='lat' dir='ltr'>XXXII</span> 
     </span>
    </p>
   </div>
   <div class='ocr_carea' id='block_1_3' title="bbox 241 773 1248 3308">
    <p class='ocr_par' dir='ltr' id='par_1_3' title="bbox 247 773 1248 950">
     <span class='ocr_line' id='line_1_3' title="bbox 247 773 1248 852; baseline -0.001 -17"><span class='ocrx_word' id='word_1_3' title='bbox 247 775 309 835; x_wconf 87' lang='lat' dir='ltr'><strong>Hie</strong></span> <span class='ocrx_word' id='word_1_4' title='bbox 330 775 419 849; x_wconf 89' lang='lat' dir='ltr'><strong>mihi,</strong></span> <span class='ocrx_word' id='word_1_5' title='bbox 443 795 516 835; x_wconf 87' lang='lat' dir='ltr'><strong>eum</strong></span> <span class='ocrx_word' id='word_1_6' title='bbox 537 774 722 836; x_wconf 86' lang='lat' dir='ltr'><strong>dolui-nee</strong></span> <span class='ocrx_word' id='word_1_7' title='bbox 742 794 833 835; x_wconf 92' lang='lat' dir='ltr'><strong>mens</strong></span> <span class='ocrx_word' id='word_1_8' title='bbox 853 773 962 852; x_wconf 74' lang='lat' dir='ltr'><strong>ignara</strong></span> <span class='ocrx_word' id='word_1_9' title='bbox 983 773 1128 835; x_wconf 85' lang='lat' dir='ltr'><strong>dolorum</strong></span> <span class='ocrx_word' id='word_1_10' title='bbox 1148 777 1248 848; x_wconf 74' lang='lat' dir='ltr'><strong>esi,-</strong></span> 
     </span>
     <span class='ocr_line' id='line_1_4' title="bbox 287 871 977 950; baseline 0.001 -19"><span class='ocrx_word' id='word_1_11' title='bbox 287 871 346 947; x_wconf 89' lang='lat' dir='ltr'><strong>hie,</strong></span> <span class='ocrx_word' id='word_1_12' title='bbox 370 892 432 950; x_wconf 90' lang='lat' dir='ltr'><strong>quo</strong></span> <span class='ocrx_word' id='word_1_13' title='bbox 453 871 582 932; x_wconf 79' lang='lat' dir='ltr'><strong>solliciti</strong></span> <span class='ocrx_word' id='word_1_14' title='bbox 601 892 735 949; x_wconf 85' lang='lat' dir='ltr'><strong>eumque</strong></span> <span class='ocrx_word' id='word_1_15' title='bbox 755 873 856 932; x_wconf 76' lang='lat' dir='ltr'><strong>tulere</strong></span> <span class='ocrx_word' id='word_1_16' title='bbox 875 873 977 948; x_wconf 88' lang='lat' dir='ltr'><strong>pedes,</strong></span> 
     </span>
    </p>

    <p class='ocr_par' dir='ltr' id='par_1_4' title="bbox 246 969 1082 1146">
     <span class='ocr_line' id='line_1_5' title="bbox 246 969 1082 1048; baseline 0 -18"><span class='ocrx_word' id='word_1_17' title='bbox 246 989 316 1048; x_wconf 86' lang='lat' dir='ltr'><strong>spes</strong></span> <span class='ocrx_word' id='word_1_18' title='bbox 336 973 403 1030; x_wconf 81' lang='lat' dir='ltr'><strong>eret</strong></span> <span class='ocrx_word' id='word_1_19' title='bbox 423 972 580 1031; x_wconf 76' lang='lat' dir='ltr'>extremae</span> <span class='ocrx_word' id='word_1_20' title='bbox 601 970 730 1031; x_wconf 72' lang='lat' dir='ltr'><strong>tandem</strong></span> <span class='ocrx_word' id='word_1_21' title='bbox 751 971 818 1031; x_wconf 90' lang='lat' dir='ltr'><strong>fore</strong></span> <span class='ocrx_word' id='word_1_22' title='bbox 838 973 977 1047; x_wconf 80' lang='lat' dir='ltr'><strong>tempore</strong></span> <span class='ocrx_word' id='word_1_23' title='bbox 998 969 1082 1031; x_wconf 77' lang='lat' dir='ltr'><strong>vitae</strong></span> 
     </span>
     <span class='ocr_line' id='line_1_6' title="bbox 286 1068 1060 1146; baseline -0.001 -17"><span class='ocrx_word' id='word_1_24' title='bbox 286 1071 417 1146; x_wconf 79' lang='lat' dir='ltr'><strong>poneret</strong></span> <span class='ocrx_word' id='word_1_25' title='bbox 437 1071 474 1129; x_wconf 78' lang='lat' dir='ltr'><strong>ut</strong></span> <span class='ocrx_word' id='word_1_26' title='bbox 492 1068 652 1146; x_wconf 84' lang='lat' dir='ltr'><strong>pleeidum</strong></span> <span class='ocrx_word' id='word_1_27' title='bbox 672 1070 781 1129; x_wconf 70' lang='lat' dir='ltr'><strong>nostra</strong></span> <span class='ocrx_word' id='word_1_28' title='bbox 802 1070 926 1129; x_wconf 75' lang='lat' dir='ltr'><strong>senecia</strong></span> <span class='ocrx_word' id='word_1_29' title='bbox 946 1068 1060 1128; x_wconf 79' lang='lat' dir='ltr'><strong>larem:</strong></span> 
     </span>
    </p>

    <p class='ocr_par' dir='ltr' id='par_1_5' title="bbox 245 1167 1081 1343">
     <span class='ocr_line' id='line_1_7' title="bbox 245 1167 1081 1245; baseline 0 -19"><span class='ocrx_word' id='word_1_30' title='bbox 245 1168 374 1228; x_wconf 82' lang='lat' dir='ltr'><strong>vitalem</strong></span> <span class='ocrx_word' id='word_1_31' title='bbox 395 1169 432 1228; x_wconf 76' lang='lat' dir='ltr'><strong>ul</strong></span> <span class='ocrx_word' id='word_1_32' title='bbox 452 1186 577 1245; x_wconf 89' lang='lat' dir='ltr'><strong>possem</strong></span> <span class='ocrx_word' id='word_1_33' title='bbox 598 1167 754 1244; x_wconf 77' lang='lat' dir='ltr'><strong>parcendo</strong></span> <span class='ocrx_word' id='word_1_34' title='bbox 774 1186 898 1242; x_wconf 83' lang='lat' dir='ltr'><strong>peseere</strong></span> <span class='ocrx_word' id='word_1_35' title='bbox 918 1167 1081 1226; x_wconf 81' lang='lat' dir='ltr'><strong>flammam</strong></span> 
     </span>
     <span class='ocr_line' id='line_1_8' title="bbox 286 1263 975 1343; baseline 0 -19"><span class='ocrx_word' id='word_1_36' title='bbox 286 1286 325 1325; x_wconf 92' lang='lat' dir='ltr'><strong>ne</strong></span> <span class='ocrx_word' id='word_1_37' title='bbox 347 1265 446 1326; x_wconf 91' lang='lat' dir='ltr'><strong>nimio</strong></span> <span class='ocrx_word' id='word_1_38' title='bbox 466 1263 610 1343; x_wconf 81' lang='lat' dir='ltr'><strong>proprias</strong></span> <span class='ocrx_word' id='word_1_39' title='bbox 630 1267 771 1342; x_wconf 76' lang='lat' dir='ltr'>carperet</span> <span class='ocrx_word' id='word_1_40' title='bbox 790 1265 862 1342; x_wconf 86' lang='lat' dir='ltr'><strong>igne</strong></span> <span class='ocrx_word' id='word_1_41' title='bbox 882 1264 975 1325; x_wconf 80' lang='lat' dir='ltr'><strong>faces.</strong></span> 
     </span>
    </p>

    <p class='ocr_par' dir='ltr' id='par_1_6' title="bbox 245 1361 1237 1541">
     <span class='ocr_line' id='line_1_9' title="bbox 245 1361 1237 1441; baseline -0.002 -18"><span class='ocrx_word' id='word_1_42' title='bbox 245 1363 297 1424; x_wconf 88' lang='lat' dir='ltr'><strong>hie</strong></span> <span class='ocrx_word' id='word_1_43' title='bbox 317 1367 459 1441; x_wconf 75' lang='lat' dir='ltr'><strong>poteram</strong></span> <span class='ocrx_word' id='word_1_44' title='bbox 479 1363 752 1425; x_wconf 79' lang='lat' dir='ltr'><strong>doetus-feeiuut</strong></span> <span class='ocrx_word' id='word_1_45' title='bbox 772 1383 828 1424; x_wconf 82' lang='lat' dir='ltr'><strong>sua</strong></span> <span class='ocrx_word' id='word_1_46' title='bbox 849 1381 1004 1440; x_wconf 91' lang='lat' dir='ltr'><strong>quemque</strong></span> <span class='ocrx_word' id='word_1_47' title='bbox 1024 1361 1237 1439; x_wconf 89' lang='lat' dir='ltr'><strong>superbum-</strong></span> 
     </span>
     <span class='ocr_line' id='line_1_10' title="bbox 286 1461 1002 1541; baseline -0.003 -19"><span class='ocrx_word' id='word_1_48' title='bbox 286 1482 365 1541; x_wconf 83' lang='lat' dir='ltr'><strong>quse</strong></span> <span class='ocrx_word' id='word_1_49' title='bbox 386 1464 492 1539; x_wconf 78' lang='lat' dir='ltr'><strong>stupet</strong></span> <span class='ocrx_word' id='word_1_50' title='bbox 512 1461 635 1522; x_wconf 78' lang='lat' dir='ltr'><strong>insuete</strong></span> <span class='ocrx_word' id='word_1_51' title='bbox 655 1461 792 1522; x_wconf 77' lang='lat' dir='ltr'><strong>rusticus</strong></span> <span class='ocrx_word' id='word_1_52' title='bbox 812 1480 886 1521; x_wconf 81' lang='lat' dir='ltr'><strong>eure</strong></span> <span class='ocrx_word' id='word_1_53' title='bbox 907 1461 1002 1538; x_wconf 86' lang='lat' dir='ltr'><strong>loqui,</strong></span> 
     </span>
    </p>

    <p class='ocr_par' dir='ltr' id='par_1_7' title="bbox 245 1559 1021 1736">
     <span class='ocr_line' id='line_1_11' title="bbox 245 1559 1021 1639; baseline -0.001 -19"><span class='ocrx_word' id='word_1_54' title='bbox 245 1561 407 1639; x_wconf 76' lang='lat' dir='ltr'><strong>multaque</strong></span> <span class='ocrx_word' id='word_1_55' title='bbox 429 1581 508 1638; x_wconf 85' lang='lat' dir='ltr'><strong>quse</strong></span> <span class='ocrx_word' id='word_1_56' title='bbox 527 1561 594 1621; x_wconf 87' lang='lat' dir='ltr'><strong>vidi</strong></span> <span class='ocrx_word' id='word_1_57' title='bbox 614 1560 733 1638; x_wconf 77' lang='lat' dir='ltr'><strong>passim</strong></span> <span class='ocrx_word' id='word_1_58' title='bbox 753 1559 898 1637; x_wconf 85' lang='lat' dir='ltr'><strong>sensique</strong></span> <span class='ocrx_word' id='word_1_59' title='bbox 918 1560 1021 1621; x_wconf 75' lang='lat' dir='ltr'><strong>viaier</strong></span> 
     </span>
     <span class='ocr_line' id='line_1_12' title="bbox 286 1657 866 1736; baseline -0.003 -16"><span class='ocrx_word' id='word_1_60' title='bbox 286 1659 325 1720; x_wconf 84' lang='lat' dir='ltr'><strong>sd</strong></span> <span class='ocrx_word' id='word_1_61' title='bbox 345 1659 539 1736; x_wconf 79' lang='lat' dir='ltr'><strong>vespertinos</strong></span> <span class='ocrx_word' id='word_1_62' title='bbox 559 1657 743 1736; x_wconf 80' lang='lat' dir='ltr'><strong>explicuisse</strong></span> <span class='ocrx_word' id='word_1_63' title='bbox 763 1658 866 1719; x_wconf 79' lang='lat' dir='ltr'><strong>focos:</strong></span> 
     </span>
    </p>

    <p class='ocr_par' dir='ltr' id='par_1_8' title="bbox 245 1756 1115 1934">
     <span class='ocr_line' id='line_1_13' title="bbox 245 1756 1115 1836; baseline -0.001 -19"><span class='ocrx_word' id='word_1_64' title='bbox 245 1759 342 1836; x_wconf 76' lang='lat' dir='ltr'><strong>utque</strong></span> <span class='ocrx_word' id='word_1_65' title='bbox 361 1757 452 1835; x_wconf 88' lang='lat' dir='ltr'><strong>lepus</strong></span> <span class='ocrx_word' id='word_1_66' title='bbox 472 1757 602 1817; x_wconf 81' lang='lat' dir='ltr'><strong>canibus</strong></span> <span class='ocrx_word' id='word_1_67' title='bbox 620 1756 732 1834; x_wconf 91' lang='lat' dir='ltr'><strong>pulsus</strong></span> <span class='ocrx_word' id='word_1_68' title='bbox 752 1756 907 1834; x_wconf 80' lang='lat' dir='ltr'><strong>turbaque</strong></span> <span class='ocrx_word' id='word_1_69' title='bbox 927 1758 1115 1835; x_wconf 80' lang='lat' dir='ltr'><strong>sequentum</strong></span> 
     </span>
     <span class='ocr_line' id='line_1_14' title="bbox 285 1853 999 1934; baseline -0.001 -18"><span class='ocrx_word' id='word_1_70' title='bbox 285 1875 376 1934; x_wconf 79' lang='lat' dir='ltr'><strong>aeger</strong></span> <span class='ocrx_word' id='word_1_71' title='bbox 395 1855 462 1916; x_wconf 80' lang='lat' dir='ltr'><strong>adit</strong></span> <span class='ocrx_word' id='word_1_72' title='bbox 481 1857 602 1930; x_wconf 77' lang='lat' dir='ltr'><strong>netum,</strong></span> <span class='ocrx_word' id='word_1_73' title='bbox 626 1853 750 1931; x_wconf 83' lang='lat' dir='ltr'><strong>fugerat</strong></span> <span class='ocrx_word' id='word_1_74' title='bbox 770 1855 861 1930; x_wconf 88' lang='lat' dir='ltr'><strong>unde,</strong></span> <span class='ocrx_word' id='word_1_75' title='bbox 886 1853 999 1931; x_wconf 77' lang='lat' dir='ltr'><strong>losum,</strong></span> 
     </span>
    </p>

    <p class='ocr_par' dir='ltr' id='par_1_9' title="bbox 244 1952 1029 2128">
     <span class='ocr_line' id='line_1_15' title="bbox 244 1952 947 2030; baseline 0 -17"><span class='ocrx_word' id='word_1_76' title='bbox 244 1953 304 2014; x_wconf 88' lang='lat' dir='ltr'><strong>hoe</strong></span> <span class='ocrx_word' id='word_1_77' title='bbox 323 1956 391 2014; x_wconf 81' lang='lat' dir='ltr'><strong>eret</strong></span> <span class='ocrx_word' id='word_1_78' title='bbox 410 1953 446 2014; x_wconf 92' lang='lat' dir='ltr'><strong>in</strong></span> <span class='ocrx_word' id='word_1_79' title='bbox 465 1953 557 2029; x_wconf 76' lang='lat' dir='ltr'><strong>votis,</strong></span> <span class='ocrx_word' id='word_1_80' title='bbox 581 1954 618 2013; x_wconf 81' lang='lat' dir='ltr'><strong>ut</strong></span> <span class='ocrx_word' id='word_1_81' title='bbox 639 1952 726 2030; x_wconf 81' lang='lat' dir='ltr'><strong>longi</strong></span> <span class='ocrx_word' id='word_1_82' title='bbox 745 1953 808 2013; x_wconf 91' lang='lat' dir='ltr'><strong>fine</strong></span> <span class='ocrx_word' id='word_1_83' title='bbox 829 1952 947 2014; x_wconf 88' lang='lat' dir='ltr'><strong>doloris</strong></span> 
     </span>
     <span class='ocr_line' id='line_1_16' title="bbox 284 2050 1029 2128; baseline 0 -17"><span class='ocrx_word' id='word_1_84' title='bbox 284 2071 371 2112; x_wconf 91' lang='lat' dir='ltr'><strong>mors</strong></span> <span class='ocrx_word' id='word_1_85' title='bbox 391 2051 504 2112; x_wconf 77' lang='lat' dir='ltr'><strong>sallem</strong></span> <span class='ocrx_word' id='word_1_86' title='bbox 523 2051 626 2128; x_wconf 76' lang='lat' dir='ltr'><strong>patrio</strong></span> <span class='ocrx_word' id='word_1_87' title='bbox 646 2051 705 2111; x_wconf 92' lang='lat' dir='ltr'><strong>sub</strong></span> <span class='ocrx_word' id='word_1_88' title='bbox 726 2051 791 2110; x_wconf 80' lang='lat' dir='ltr'><strong>lure</strong></span> <span class='ocrx_word' id='word_1_89' title='bbox 812 2053 920 2110; x_wconf 77' lang='lat' dir='ltr'><strong>nostra</strong></span> <span class='ocrx_word' id='word_1_90' title='bbox 940 2050 1029 2111; x_wconf 74' lang='lat' dir='ltr'><strong>foreb</strong></span> 
     </span>
    </p>

    <p class='ocr_par' dir='ltr' id='par_1_10' title="bbox 244 2148 1038 2326">
     <span class='ocr_line' id='line_1_17' title="bbox 244 2148 1038 2226; baseline -0.001 -16"><span class='ocrx_word' id='word_1_91' title='bbox 244 2150 303 2211; x_wconf 87' lang='lat' dir='ltr'><strong>hos</strong></span> <span class='ocrx_word' id='word_1_92' title='bbox 324 2149 447 2210; x_wconf 80' lang='lat' dir='ltr'><strong>utinam</strong></span> <span class='ocrx_word' id='word_1_93' title='bbox 466 2151 604 2226; x_wconf 80' lang='lat' dir='ltr'>peterem</span> <span class='ocrx_word' id='word_1_94' title='bbox 625 2148 712 2210; x_wconf 87' lang='lat' dir='ltr'><strong>senio</strong></span> <span class='ocrx_word' id='word_1_95' title='bbox 731 2150 880 2226; x_wconf 77' lang='lat' dir='ltr'><strong>vergente</strong></span> <span class='ocrx_word' id='word_1_96' title='bbox 901 2168 1038 2209; x_wconf 80' lang='lat' dir='ltr'><strong>recessus</strong></span> 
     </span>
     <span class='ocr_line' id='line_1_18' title="bbox 284 2246 962 2326; baseline 0 -18"><span class='ocrx_word' id='word_1_97' title='bbox 284 2249 393 2326; x_wconf 80' lang='lat' dir='ltr'><strong>fasque</strong></span> <span class='ocrx_word' id='word_1_98' title='bbox 413 2249 495 2309; x_wconf 77' lang='lat' dir='ltr'><strong>ferei</strong></span> <span class='ocrx_word' id='word_1_99' title='bbox 514 2267 604 2308; x_wconf 80' lang='lat' dir='ltr'><strong>eures</strong></span> <span class='ocrx_word' id='word_1_100' title='bbox 624 2247 676 2308; x_wconf 85' lang='lat' dir='ltr'><strong>hie</strong></span> <span class='ocrx_word' id='word_1_101' title='bbox 697 2246 837 2324; x_wconf 87' lang='lat' dir='ltr'><strong>posuisse</strong></span> <span class='ocrx_word' id='word_1_102' title='bbox 857 2249 962 2308; x_wconf 78' lang='lat' dir='ltr'><strong>messi</strong></span> 
     </span>
    </p>

    <p class='ocr_par' dir='ltr' id='par_1_11' title="bbox 243 2345 1052 2522">
     <span class='ocr_line' id='line_1_19' title="bbox 243 2345 1052 2424; baseline -0.001 -19"><span class='ocrx_word' id='word_1_103' title='bbox 243 2346 320 2406; x_wconf 86' lang='lat' dir='ltr'><strong>felix</strong></span> <span class='ocrx_word' id='word_1_104' title='bbox 341 2346 525 2422; x_wconf 86' lang='lat' dir='ltr'><strong>onimium,</strong></span> <span class='ocrx_word' id='word_1_105' title='bbox 549 2345 600 2406; x_wconf 88' lang='lat' dir='ltr'><strong>eui</strong></span> <span class='ocrx_word' id='word_1_106' title='bbox 621 2365 700 2424; x_wconf 91' lang='lat' dir='ltr'><strong>quos</strong></span> <span class='ocrx_word' id='word_1_107' title='bbox 720 2345 887 2405; x_wconf 71' lang='lat' dir='ltr'><strong>rulitante</strong></span> <span class='ocrx_word' id='word_1_108' title='bbox 908 2345 1052 2405; x_wconf 81' lang='lat' dir='ltr'><strong>laborum</strong></span> 
     </span>
     <span class='ocr_line' id='line_1_20' title="bbox 283 2443 1020 2522; baseline -0.003 -18"><span class='ocrx_word' id='word_1_109' title='bbox 283 2444 416 2522; x_wconf 76' lang='lat' dir='ltr'><strong>contigit</strong></span> <span class='ocrx_word' id='word_1_110' title='bbox 435 2445 512 2504; x_wconf 79' lang='lat' dir='ltr'><strong>haee</strong></span> <span class='ocrx_word' id='word_1_111' title='bbox 532 2443 654 2522; x_wconf 89' lang='lat' dir='ltr'><strong>requies</strong></span> <span class='ocrx_word' id='word_1_112' title='bbox 673 2443 913 2521; x_wconf 78' lang='lat' dir='ltr'><strong>perfugiumque</strong></span> <span class='ocrx_word' id='word_1_113' title='bbox 935 2443 1020 2503; x_wconf 82' lang='lat' dir='ltr'><strong>seni:</strong></span> 
     </span>
    </p>

    <p class='ocr_par' dir='ltr' id='par_1_12' title="bbox 244 2541 1019 2718">
     <span class='ocr_line' id='line_1_21' title="bbox 244 2541 1019 2619; baseline -0.001 -17"><span class='ocrx_word' id='word_1_114' title='bbox 244 2543 297 2619; x_wconf 89' lang='lat' dir='ltr'><strong>qui</strong></span> <span class='ocrx_word' id='word_1_115' title='bbox 318 2543 385 2604; x_wconf 82' lang='lat' dir='ltr'><strong>loee</strong></span> <span class='ocrx_word' id='word_1_116' title='bbox 404 2543 567 2604; x_wconf 78' lang='lat' dir='ltr'><strong>blanditiis</strong></span> <span class='ocrx_word' id='word_1_117' title='bbox 587 2542 731 2603; x_wconf 81' lang='lat' dir='ltr'><strong>animum</strong></span> <span class='ocrx_word' id='word_1_118' title='bbox 751 2541 919 2604; x_wconf 77' lang='lat' dir='ltr'><strong>retinentia</strong></span> <span class='ocrx_word' id='word_1_119' title='bbox 938 2541 1019 2603; x_wconf 74' lang='lat' dir='ltr'><strong>vitu</strong></span> 
     </span>
     <span class='ocr_line' id='line_1_22' title="bbox 283 2639 980 2718; baseline 0 -17"><span class='ocrx_word' id='word_1_120' title='bbox 283 2645 316 2701; x_wconf 81' lang='lat' dir='ltr'><strong>et</strong></span> <span class='ocrx_word' id='word_1_121' title='bbox 336 2641 473 2701; x_wconf 90' lang='lat' dir='ltr'><strong>nimium</strong></span> <span class='ocrx_word' id='word_1_122' title='bbox 493 2641 569 2702; x_wconf 74' lang='lat' dir='ltr'><strong>forti</strong></span> <span class='ocrx_word' id='word_1_123' title='bbox 588 2641 699 2717; x_wconf 90' lang='lat' dir='ltr'><strong>pulsus</strong></span> <span class='ocrx_word' id='word_1_124' title='bbox 718 2639 758 2700; x_wconf 85' lang='lat' dir='ltr'><strong>ab</strong></span> <span class='ocrx_word' id='word_1_125' title='bbox 778 2640 869 2702; x_wconf 73' lang='lat' dir='ltr'><strong>hoste</strong></span> <span class='ocrx_word' id='word_1_126' title='bbox 890 2640 980 2718; x_wconf 50' lang='lat' dir='ltr'><strong>fugite</strong></span> 
     </span>
    </p>

    <p class='ocr_par' dir='ltr' id='par_1_13' title="bbox 242 2738 1053 2914">
     <span class='ocr_line' id='line_1_23' title="bbox 242 2738 999 2799; baseline -0.001 -1"><span class='ocrx_word' id='word_1_127' title='bbox 242 2739 291 2798; x_wconf 93' lang='lat' dir='ltr'><strong>illi</strong></span> <span class='ocrx_word' id='word_1_128' title='bbox 312 2739 401 2799; x_wconf 81' lang='lat' dir='ltr'><strong>nulla</strong></span> <span class='ocrx_word' id='word_1_129' title='bbox 419 2759 534 2799; x_wconf 80' lang='lat' dir='ltr'><strong>manus</strong></span> <span class='ocrx_word' id='word_1_130' title='bbox 553 2738 735 2799; x_wconf 88' lang='lat' dir='ltr'><strong>miserando</strong></span> <span class='ocrx_word' id='word_1_131' title='bbox 756 2738 878 2799; x_wconf 80' lang='lat' dir='ltr'><strong>addicta</strong></span> <span class='ocrx_word' id='word_1_132' title='bbox 899 2738 999 2799; x_wconf 79' lang='lat' dir='ltr'><strong>labori</strong></span> 
     </span>
     <span class='ocr_line' id='line_1_24' title="bbox 282 2836 1053 2914; baseline -0.004 -17"><span class='ocrx_word' id='word_1_133' title='bbox 282 2837 392 2897; x_wconf 77' lang='lat' dir='ltr'><strong>effodit</strong></span> <span class='ocrx_word' id='word_1_134' title='bbox 411 2840 467 2898; x_wconf 73' lang='lat' dir='ltr'><strong>aut</strong></span> <span class='ocrx_word' id='word_1_135' title='bbox 486 2856 617 2898; x_wconf 75' lang='lat' dir='ltr'><strong>saevum</strong></span> <span class='ocrx_word' id='word_1_136' title='bbox 636 2856 694 2913; x_wconf 91' lang='lat' dir='ltr'><strong>per</strong></span> <span class='ocrx_word' id='word_1_137' title='bbox 712 2856 799 2896; x_wconf 80' lang='lat' dir='ltr'><strong>mere</strong></span> <span class='ocrx_word' id='word_1_138' title='bbox 821 2836 943 2914; x_wconf 79' lang='lat' dir='ltr'><strong>quaerit</strong></span> <span class='ocrx_word' id='word_1_139' title='bbox 964 2855 1053 2913; x_wconf 87' lang='lat' dir='ltr'><strong>opes:</strong></span> 
     </span>
    </p>

    <p class='ocr_par' dir='ltr' id='par_1_14' title="bbox 241 2931 1109 3110">
     <span class='ocr_line' id='line_1_25' title="bbox 241 2931 1109 3012; baseline -0.007 -16"><span class='ocrx_word' id='word_1_140' title='bbox 241 2935 357 2996; x_wconf 77' lang='lat' dir='ltr'><strong>ianitor</strong></span> <span class='ocrx_word' id='word_1_141' title='bbox 376 2935 460 2995; x_wconf 76' lang='lat' dir='ltr'><strong>haud</strong></span> <span class='ocrx_word' id='word_1_142' title='bbox 481 2954 623 3012; x_wconf 79' lang='lat' dir='ltr'><strong>unquam</strong></span> <span class='ocrx_word' id='word_1_143' title='bbox 642 2934 775 2994; x_wconf 88' lang='lat' dir='ltr'><strong>miseros</strong></span> <span class='ocrx_word' id='word_1_144' title='bbox 794 2937 827 2995; x_wconf 79' lang='lat' dir='ltr'><strong>el</strong></span> <span class='ocrx_word' id='word_1_145' title='bbox 847 2935 949 2994; x_wconf 76' lang='lat' dir='ltr'><strong>frusta</strong></span> <span class='ocrx_word' id='word_1_146' title='bbox 969 2931 1109 3010; x_wconf 73' lang='lat' dir='ltr'><strong>rogantis</strong></span> 
     </span>
     <span class='ocr_line' id='line_1_26' title="bbox 282 3032 932 3110; baseline -0.005 -17"><span class='ocrx_word' id='word_1_147' title='bbox 282 3032 446 3093; x_wconf 93' lang='lat' dir='ltr'><strong>liminibus</strong></span> <span class='ocrx_word' id='word_1_148' title='bbox 466 3032 590 3110; x_wconf 83' lang='lat' dir='ltr'><strong>maguis</strong></span> <span class='ocrx_word' id='word_1_149' title='bbox 612 3033 710 3092; x_wconf 92' lang='lat' dir='ltr'><strong>durus</strong></span> <span class='ocrx_word' id='word_1_150' title='bbox 730 3032 815 3093; x_wconf 81' lang='lat' dir='ltr'><strong>abire</strong></span> <span class='ocrx_word' id='word_1_151' title='bbox 836 3032 932 3091; x_wconf 79' lang='lat' dir='ltr'><strong>iubet.</strong></span> 
     </span>
    </p>

    <p class='ocr_par' dir='ltr' id='par_1_15' title="bbox 241 3129 1219 3308">
     <span class='ocr_line' id='line_1_27' title="bbox 241 3129 1219 3209; baseline -0.005 -16"><span class='ocrx_word' id='word_1_152' title='bbox 241 3152 328 3193; x_wconf 87' lang='lat' dir='ltr'><strong>mors</strong></span> <span class='ocrx_word' id='word_1_153' title='bbox 349 3151 470 3209; x_wconf 90' lang='lat' dir='ltr'><strong>quoque</strong></span> <span class='ocrx_word' id='word_1_154' title='bbox 488 3151 553 3190; x_wconf 93' lang='lat' dir='ltr'><strong>non</strong></span> <span class='ocrx_word' id='word_1_155' title='bbox 573 3132 686 3190; x_wconf 74' lang='lat' dir='ltr'><strong>terret:</strong></span> <span class='ocrx_word' id='word_1_156' title='bbox 714 3149 843 3205; x_wconf 89' lang='lat' dir='ltr'><strong>superos</strong></span> <span class='ocrx_word' id='word_1_157' title='bbox 863 3129 925 3189; x_wconf 91' lang='lat' dir='ltr'><strong>sibi</strong></span> <span class='ocrx_word' id='word_1_158' title='bbox 944 3131 1083 3206; x_wconf 79' lang='lat' dir='ltr'><strong>praestet</strong></span> <span class='ocrx_word' id='word_1_159' title='bbox 1102 3129 1219 3190; x_wconf 80' lang='lat' dir='ltr'><strong>amieos</strong></span> 
     </span>
     <span class='ocr_line' id='line_1_28' title="bbox 282 3227 945 3308; baseline -0.005 -17"><span class='ocrx_word' id='word_1_160' title='bbox 282 3229 424 3308; x_wconf 84' lang='lat' dir='ltr'><strong>quisquis</strong></span> <span class='ocrx_word' id='word_1_161' title='bbox 444 3228 558 3291; x_wconf 77' lang='lat' dir='ltr'><strong>virtuti</strong></span> <span class='ocrx_word' id='word_1_162' title='bbox 578 3247 702 3304; x_wconf 87' lang='lat' dir='ltr'><strong>semper</strong></span> <span class='ocrx_word' id='word_1_163' title='bbox 721 3227 841 3287; x_wconf 79' lang='lat' dir='ltr'><strong>amicus</strong></span> <span class='ocrx_word' id='word_1_164' title='bbox 862 3229 945 3288; x_wconf 76' lang='lat' dir='ltr'><strong>erut:</strong></span> 
     </span>
    </p>
   </div>
   <div class='ocr_carea' id='block_1_4' title="bbox 240 3325 1101 3603">
    <p class='ocr_par' dir='ltr' id='par_1_16' title="bbox 240 3325 1101 3603">
     <span class='ocr_line' id='line_1_29' title="bbox 241 3325 1015 3405; baseline -0.003 -17"><span class='ocrx_word' id='word_1_165' title='bbox 241 3329 295 3390; x_wconf 83' lang='lat' dir='ltr'><strong>sed</strong></span> <span class='ocrx_word' id='word_1_166' title='bbox 316 3348 401 3388; x_wconf 81' lang='lat' dir='ltr'><strong>serae</strong></span> <span class='ocrx_word' id='word_1_167' title='bbox 421 3326 551 3405; x_wconf 91' lang='lat' dir='ltr'><strong>propius</strong></span> <span class='ocrx_word' id='word_1_168' title='bbox 571 3325 724 3403; x_wconf 79' lang='lat' dir='ltr'><strong>paulatim</strong></span> <span class='ocrx_word' id='word_1_169' title='bbox 744 3325 892 3385; x_wconf 76' lang='lat' dir='ltr'><strong>allabitur</strong></span> <span class='ocrx_word' id='word_1_170' title='bbox 911 3326 1015 3401; x_wconf 84' lang='lat' dir='ltr'><strong>horae,</strong></span> 
     </span>
     <span class='ocr_line' id='line_1_30' title="bbox 282 3423 1045 3506; baseline -0.001 -19"><span class='ocrx_word' id='word_1_171' title='bbox 282 3427 368 3506; x_wconf 74' lang='lat' dir='ltr'><strong>itque</strong></span> <span class='ocrx_word' id='word_1_172' title='bbox 388 3426 496 3487; x_wconf 91' lang='lat' dir='ltr'><strong>minus</strong></span> <span class='ocrx_word' id='word_1_173' title='bbox 517 3426 637 3501; x_wconf 81' lang='lat' dir='ltr'><strong>duram,</strong></span> <span class='ocrx_word' id='word_1_174' title='bbox 662 3425 747 3502; x_wconf 89' lang='lat' dir='ltr'><strong>quod</strong></span> <span class='ocrx_word' id='word_1_175' title='bbox 767 3423 845 3484; x_wconf 75' lang='lat' dir='ltr'><strong>libet</strong></span> <span class='ocrx_word' id='word_1_176' title='bbox 864 3424 918 3500; x_wconf 84' lang='lat' dir='ltr'><strong>ire,</strong></span> <span class='ocrx_word' id='word_1_177' title='bbox 941 3425 1045 3486; x_wconf 83' lang='lat' dir='ltr'><strong>viam:</strong></span> 
     </span>
     <span class='ocr_line' id='line_1_31' title="bbox 240 3523 1101 3603; baseline -0.002 -17"><span class='ocrx_word' id='word_1_178' title='bbox 240 3526 304 3586; x_wconf 79' lang='lat' dir='ltr'><strong>iem</strong></span> <span class='ocrx_word' id='word_1_179' title='bbox 324 3524 425 3603; x_wconf 77' lang='lat' dir='ltr'><strong>magis</strong></span> <span class='ocrx_word' id='word_1_180' title='bbox 445 3527 539 3602; x_wconf 74' lang='lat' dir='ltr'><strong>abque</strong></span> <span class='ocrx_word' id='word_1_181' title='bbox 560 3523 661 3601; x_wconf 81' lang='lat' dir='ltr'><strong>magis</strong></span> <span class='ocrx_word' id='word_1_182' title='bbox 681 3523 824 3584; x_wconf 78' lang='lat' dir='ltr'><strong>caelestis</strong></span> <span class='ocrx_word' id='word_1_183' title='bbox 844 3523 957 3600; x_wconf 80' lang='lat' dir='ltr'><strong>gaudia</strong></span> <span class='ocrx_word' id='word_1_184' title='bbox 978 3526 1101 3602; x_wconf 79' lang='lat' dir='ltr'><strong>gustet:</strong></span> 
     </span>
    </p>
   </div>
   <div class='ocr_carea' id='block_1_5' title="bbox 280 3622 1209 3751">
    <p class='ocr_par' dir='ltr' id='par_1_17' title="bbox 280 3622 1209 3751">
     <span class='ocr_line' id='line_1_32' title="bbox 280 3622 964 3701; baseline -0.004 -15"><span class='ocrx_word' id='word_1_185' title='bbox 280 3623 373 3686; x_wconf 86' lang='lat' dir='ltr'><strong>vivus</strong></span> <span class='ocrx_word' id='word_1_186' title='bbox 393 3623 428 3684; x_wconf 92' lang='lat' dir='ltr'><strong>in</strong></span> <span class='ocrx_word' id='word_1_187' title='bbox 447 3622 602 3684; x_wconf 77' lang='lat' dir='ltr'><strong>aetherius</strong></span> <span class='ocrx_word' id='word_1_188' title='bbox 621 3622 826 3701; x_wconf 84' lang='lat' dir='ltr'><strong>evehiturque</strong></span> <span class='ocrx_word' id='word_1_189' title='bbox 847 3622 964 3684; x_wconf 89' lang='lat' dir='ltr'><strong>domos.</strong></span> 
     </span>
     <span class='ocr_line' id='line_1_33' title="bbox 1109 3715 1209 3751; baseline 0.01 -1"><span class='ocrx_word' id='word_1_190' title='bbox 1109 3715 1134 3750; x_wconf 68' lang='lat' dir='ltr'><strong>A.</strong></span> <span class='ocrx_word' id='word_1_191' title='bbox 1147 3715 1172 3750; x_wconf 79' lang='lat' dir='ltr'><strong>D.</strong></span> <span class='ocrx_word' id='word_1_192' title='bbox 1185 3715 1209 3751; x_wconf 78' lang='grc' dir='ltr'><strong>Θ.</strong></span> 
     </span>
    </p>
   </div>
   <div class='ocr_carea' id='block_1_6' title="bbox 0 0 1552 4494">
    <p class='ocr_par' dir='ltr' id='par_1_18' title="bbox 0 0 1552 4494">
     <span class='ocr_line' id='line_1_34' title="bbox 0 0 1552 4494; baseline 0 3"><span class='ocrx_word' id='word_1_193' title='bbox 0 0 1552 4494; x_wconf 95' lang='lat' dir='ltr'><strong> </strong></span> 
     </span>
    </p>
   </div>
  </div>
 </body>
</html>
