3070 4490
614 409 828 457 OXONIENSIS

681 921 759 965 που(

297 1024 408 1088 ·Πόλις
429 1021 485 1100 μὲν
506 1021 523 1083 ὁ
543 1019 621 1100 βίος,
645 1023 678 1085 ἔν
700 1020 725 1084 δ’
748 1017 909 1099 ἂμαξιτοὺς
932 1021 997 1103 ἔχει

310 1125 434 1209 συχνάς·
464 1125 592 1205 φέρουσι
614 1123 640 1187 δ’
663 1125 693 1189 ές
717 1123 830 1205 ἀγορὰν
853 1123 954 1202 κοινὴν
975 1126 1074 1206 μόρου.

310 1231 336 1294 εἰ
359 1228 384 1292 δ’
400 1227 437 1308 ἦν
457 1227 630 1308 πριαμένοις
653 1233 718 1308 φῶς
742 1229 825 1308 ὁρᾶν,
849 1224 910 1291 αὕτ’
932 1226 970 1291 ἂν
992 1227 1083 1306 πένης

310 1333 359 1413 έζη
384 1331 449 1396 ποτ’
471 1331 577 1412 οὐδείς,
598 1329 658 1394 οὔτ’
683 1330 807 1418 έθνῃσχ’
831 1333 847 1393 ὁ
869 1330 1025 1397 πλοθσιος.

1128 1451 1188 1486 EQ

711 1863 728 1904 0

308 1957 433 2021 Φαέθων
455 1957 480 2021 δ’
504 1954 550 2036 ἄρ’
571 1955 668 2032 αὐτός,
691 1961 744 2019 τοῦ
765 1954 835 2036 πρὶν
857 1959 982 2022 εἴδωλον
1003 1959 1059 2038 μὲν
1081 1957 1142 2034 οὖν,

307 2060 413 2142 μέσοις
434 2059 555 2138 δόναξιν
579 2061 681 2140 εὑρέθη
704 2059 899 2144 χαμαιπετής,

308 2165 370 2228 άνιο
394 2165 472 2228 κάτω
495 2189 528 2228 τε
550 2167 608 2229 πᾶς
631 2165 771 2248 διανταίῳ
793 2163 884 2242 βέλει

308 2267 364 2347 ἤδη
386 2268 545 2349 μελανθεὶς
569 2265 617 2330 καὶ
639 2269 929 2347 κατηνθρακιίμενος.

309 2374 389 2453 ὅμως
411 2371 435 2434 δ’
460 2373 490 2437 ἐς
513 2373 609 2455 ὄχθην
632 2367 739 2452 χερσὶν
760 2371 887 2436 αἰδοίοις
910 2369 997 2449 δέμας

309 2475 497 2556 ἐβάστασαν,
520 2479 675 2554 λουτροῖσι
698 2473 722 2538 δ’
745 2473 875 2556 ἥγνισαν
895 2473 1001 2555 μάτην.

310 2581 358 2644 καὶ
380 2578 486 2662 ψυχρὰ
508 2578 727 2642 παλλεθκοισιν
748 2577 905 2662 ἥμπισχον
927 2578 1005 2657 μέλη

309 2689 480 2758 στολαῖσιν,
502 2681 566 2746 ἀνθ’
590 2684 631 2746 ὧν
654 2681 883 2762 ἀμφιβάλλεται
906 2685 1013 2764 ῥακῶν.

310 2785 438 2850 κάπετον
461 2790 493 2851 δὲ
515 2787 633 2869 ῥείθρου
655 2786 787 2864 πλησίον
810 2789 972 2867 παρακτίαν

309 2890 414 2966 κοίλην
437 2890 710 2964 κατασκάπτουσιν,
732 2892 845 2973 ὑδρηλῇ
868 2915 902 2954 τε
923 2893 962 2975 γῇ

308 2992 461 3071 πόρρωθεν
482 2991 693 3073 έγκρθπτονσι,
715 2996 775 3054 τῶν
795 2991 900 3055 ἄλλων
922 2994 993 3077 δίχα

309 3095 395 3159 νέκυν
417 3094 565 3177 μονόζυγ’·
597 3097 654 3158 ὧδε
676 3094 733 3175 γὰρ
757 3094 882 3158 θάπτειν
905 3095 995 3174 νόμος

311 3199 402 3264 ὅσους
424 3199 526 3262 ἀνεῖλε
549 3197 623 3263 Ζεὺς
647 3197 798 3278 κεραύνιος
821 3199 927 3280 φλογί·

311 3300 476 3365 σπένδουσι
499 3301 524 3366 δ’
546 3303 626 3365 οἴνου
649 3307 729 3383 δῶρα
752 3302 966 3381 κάπιτυμβίους

311 3408 386 3489 χοὰς
408 3406 520 3468 έλαίου·
553 3403 623 3468 κούκ
646 3405 829 3485 ἀφίστανται
851 3411 885 3468 τὸ
907 3405 947 3484 μὴ
971 3406 1004 3470 οὗ

311 3511 400 3573 ἔπεσι
421 3507 590 3588 πρέπουσιν
612 3507 778 3592 ἐγγράφειν
801 3509 944 3574 ὁθούνεκα

311 3613 458 3696 τάρανῃ
461 3618 580 3691 τολμῶν
602 3611 751 3696 λαγχάνει
775 3614 948 3704 πρριαινικὸν
1201 3591 1208 3684 ί

311 3714 440 3798 πέσημα,
462 3718 563 3796 μεῖζον
585 3716 611 3781 δ’
632 3715 651 3794 ἣ
675 3717 737 3780 κατ’
760 3715 918 3799 ἄνθρωπον
941 3717 1037 3786 κλέος.
1206 3717 1211 3724 ’

1050 3835 1195 3892 RQLQ
