<?xml version="1.0" encoding="UTF-8"?>
<!DOCTYPE html PUBLIC "-//W3C//DTD XHTML 1.0 Transitional//EN"
    "http://www.w3.org/TR/xhtml1/DTD/xhtml1-transitional.dtd">
<html xmlns="http://www.w3.org/1999/xhtml" xml:lang="en" lang="en">
 <head>
  <title>
</title>
<meta http-equiv="Content-Type" content="text/html;charset=utf-8" />
  <meta name='ocr-system' content='tesseract 3.04.00' />
  <meta name='ocr-capabilities' content='ocr_page ocr_carea ocr_par ocr_line ocrx_word'/>
</head>
<body>
  <div class='ocr_page' id='page_1' title='image "./novaanthologiao00godlgoog/novaanthologiao00godlgoog_0251.png"; bbox 0 0 3072 4490; ppageno 0'>
   <div class='ocr_carea' id='block_1_1' title="bbox 604 375 819 424">
    <p class='ocr_par' dir='ltr' id='par_1_1' title="bbox 604 375 819 424">
     <span class='ocr_line' id='line_1_1' title="bbox 604 375 819 424; baseline -0.005 -1"><span class='ocrx_word' id='word_1_1' title='bbox 604 375 819 424; x_wconf 86' lang='lat' dir='ltr'>OXONIENSIS</span> 
     </span>
    </p>
   </div>
   <div class='ocr_carea' id='block_1_2' title="bbox 695 1102 731 1143">
    <p class='ocr_par' dir='ltr' id='par_1_2' title="bbox 695 1102 731 1143">
     <span class='ocr_line' id='line_1_2' title="bbox 695 1102 731 1143; baseline 0 0"><span class='ocrx_word' id='word_1_2' title='bbox 695 1102 731 1143; x_wconf 74' lang='lat' dir='ltr'>su</span> 
     </span>
    </p>
   </div>
   <div class='ocr_carea' id='block_1_3' title="bbox 295 1197 1121 1473">
    <p class='ocr_par' dir='ltr' id='par_1_3' title="bbox 295 1197 1121 1473">
     <span class='ocr_line' id='line_1_3' title="bbox 295 1197 1121 1275; baseline -0.004 -15"><span class='ocrx_word' id='word_1_3' title='bbox 295 1199 391 1260; x_wconf 85' lang='lat' dir='ltr'>Nulla</span> <span class='ocrx_word' id='word_1_4' title='bbox 411 1198 490 1275; x_wconf 89' lang='lat' dir='ltr'>petit</span> <span class='ocrx_word' id='word_1_5' title='bbox 511 1218 645 1259; x_wconf 87' lang='lat' dir='ltr'>manans</span> <span class='ocrx_word' id='word_1_6' title='bbox 665 1198 699 1257; x_wconf 91' lang='lat' dir='ltr'>in</span> <span class='ocrx_word' id='word_1_7' title='bbox 720 1201 843 1259; x_wconf 85' lang='lat' dir='ltr'>nostros</span> <span class='ocrx_word' id='word_1_8' title='bbox 863 1197 991 1258; x_wconf 79' lang='lat' dir='ltr'>lacrima</span> <span class='ocrx_word' id='word_1_9' title='bbox 1012 1198 1121 1258; x_wconf 89' lang='lat' dir='ltr'>vultus</span> 
     </span>
     <span class='ocr_line' id='line_1_4' title="bbox 337 1297 921 1374; baseline -0.002 -17"><span class='ocrx_word' id='word_1_10' title='bbox 337 1300 373 1358; x_wconf 88' lang='lat' dir='ltr'>ut</span> <span class='ocrx_word' id='word_1_11' title='bbox 394 1297 435 1358; x_wconf 87' lang='lat' dir='ltr'>sit</span> <span class='ocrx_word' id='word_1_12' title='bbox 457 1297 615 1374; x_wconf 84' lang='lat' dir='ltr'>digressus</span> <span class='ocrx_word' id='word_1_13' title='bbox 636 1298 734 1358; x_wconf 88' lang='lat' dir='ltr'>serior</span> <span class='ocrx_word' id='word_1_14' title='bbox 755 1298 833 1357; x_wconf 89' lang='lat' dir='ltr'>hora</span> <span class='ocrx_word' id='word_1_15' title='bbox 855 1297 921 1370; x_wconf 83' lang='lat' dir='ltr'>tui3</span> 
     </span>
     <span class='ocr_line' id='line_1_5' title="bbox 296 1394 1045 1473; baseline -0.001 -18"><span class='ocrx_word' id='word_1_16' title='bbox 296 1416 386 1456; x_wconf 87' lang='lat' dir='ltr'>mens</span> <span class='ocrx_word' id='word_1_17' title='bbox 407 1395 524 1456; x_wconf 83' lang='lat' dir='ltr'>etenim</span> <span class='ocrx_word' id='word_1_18' title='bbox 545 1416 610 1456; x_wconf 90' lang='lat' dir='ltr'>non</span> <span class='ocrx_word' id='word_1_19' title='bbox 631 1398 678 1456; x_wconf 88' lang='lat' dir='ltr'>est</span> <span class='ocrx_word' id='word_1_20' title='bbox 698 1396 789 1456; x_wconf 93' lang='lat' dir='ltr'>molli</span> <span class='ocrx_word' id='word_1_21' title='bbox 809 1415 918 1473; x_wconf 86' lang='lat' dir='ltr'>parere</span> <span class='ocrx_word' id='word_1_22' title='bbox 938 1394 1045 1455; x_wconf 87' lang='lat' dir='ltr'>timori</span> 
     </span>
    </p>
   </div>
   <div class='ocr_carea' id='block_1_4' title="bbox 296 1494 1204 3209">
    <p class='ocr_par' dir='ltr' id='par_1_4' title="bbox 296 1494 1204 3209">
     <span class='ocr_line' id='line_1_6' title="bbox 337 1494 1038 1572; baseline 0 -18"><span class='ocrx_word' id='word_1_23' title='bbox 337 1497 444 1555; x_wconf 86' lang='lat' dir='ltr'>nostra</span> <span class='ocrx_word' id='word_1_24' title='bbox 464 1514 522 1554; x_wconf 80' lang='lat' dir='ltr'>neo</span> <span class='ocrx_word' id='word_1_25' title='bbox 541 1494 680 1554; x_wconf 88' lang='lat' dir='ltr'>imbellis</span> <span class='ocrx_word' id='word_1_26' title='bbox 700 1514 775 1554; x_wconf 88' lang='lat' dir='ltr'>ausa</span> <span class='ocrx_word' id='word_1_27' title='bbox 796 1514 902 1572; x_wconf 78' lang='lat' dir='ltr'>rogam</span> <span class='ocrx_word' id='word_1_28' title='bbox 924 1513 1038 1554; x_wconf 78' lang='lat' dir='ltr'>morae.</span> 
     </span>
     <span class='ocr_line' id='line_1_7' title="bbox 296 1591 1046 1671; baseline -0.004 -18"><span class='ocrx_word' id='word_1_29' title='bbox 296 1597 419 1671; x_wconf 80' lang='lat' dir='ltr'>pectora</span> <span class='ocrx_word' id='word_1_30' title='bbox 440 1593 593 1667; x_wconf 76' lang='lat' dir='ltr'>deficiant,</span> <span class='ocrx_word' id='word_1_31' title='bbox 617 1596 704 1652; x_wconf 80' lang='lat' dir='ltr'>coeat</span> <span class='ocrx_word' id='word_1_32' title='bbox 723 1593 890 1654; x_wconf 85' lang='lat' dir='ltr'>formidine</span> <span class='ocrx_word' id='word_1_33' title='bbox 910 1591 1046 1670; x_wconf 82' lang='lat' dir='ltr'>sanguis,</span> 
     </span>
     <span class='ocr_line' id='line_1_8' title="bbox 334 1690 1086 1767; baseline -0.004 -15"><span class='ocrx_word' id='word_1_34' title='bbox 334 1691 439 1752; x_wconf 85' lang='lat' dir='ltr'>vinela</span> <span class='ocrx_word' id='word_1_35' title='bbox 460 1691 514 1751; x_wconf 90' lang='lat' dir='ltr'>sed</span> <span class='ocrx_word' id='word_1_36' title='bbox 536 1691 687 1767; x_wconf 88' lang='lat' dir='ltr'>Hispanis</span> <span class='ocrx_word' id='word_1_37' title='bbox 707 1693 783 1751; x_wconf 88' lang='lat' dir='ltr'>sunt</span> <span class='ocrx_word' id='word_1_38' title='bbox 802 1691 970 1751; x_wconf 88' lang='lat' dir='ltr'>adimenda</span> <span class='ocrx_word' id='word_1_39' title='bbox 990 1690 1086 1763; x_wconf 89' lang='lat' dir='ltr'>viris;</span> 
     </span>
     <span class='ocr_line' id='line_1_9' title="bbox 296 1789 1090 1867; baseline -0.001 -19"><span class='ocrx_word' id='word_1_40' title='bbox 296 1793 328 1848; x_wconf 90' lang='lat' dir='ltr'>et</span> <span class='ocrx_word' id='word_1_41' title='bbox 348 1790 450 1865; x_wconf 87' lang='lat' dir='ltr'>pudor</span> <span class='ocrx_word' id='word_1_42' title='bbox 469 1792 502 1849; x_wconf 84' lang='lat' dir='ltr'>et</span> <span class='ocrx_word' id='word_1_43' title='bbox 522 1790 642 1866; x_wconf 78' lang='lat' dir='ltr'>patriae</span> <span class='ocrx_word' id='word_1_44' title='bbox 662 1808 740 1867; x_wconf 85' lang='lat' dir='ltr'>quae</span> <span class='ocrx_word' id='word_1_45' title='bbox 761 1790 846 1849; x_wconf 86' lang='lat' dir='ltr'>sensi</span> <span class='ocrx_word' id='word_1_46' title='bbox 866 1789 970 1849; x_wconf 82' lang='lat' dir='ltr'>debita</span> <span class='ocrx_word' id='word_1_47' title='bbox 990 1792 1090 1848; x_wconf 84' lang='lat' dir='ltr'>terrae</span> 
     </span>
     <span class='ocr_line' id='line_1_10' title="bbox 336 1886 1085 1964; baseline 0 -18"><span class='ocrx_word' id='word_1_48' title='bbox 336 1891 411 1948; x_wconf 85' lang='lat' dir='ltr'>sunt</span> <span class='ocrx_word' id='word_1_49' title='bbox 431 1887 512 1946; x_wconf 91' lang='lat' dir='ltr'>mihi</span> <span class='ocrx_word' id='word_1_50' title='bbox 534 1886 621 1960; x_wconf 84' lang='lat' dir='ltr'>(nam</span> <span class='ocrx_word' id='word_1_51' title='bbox 642 1886 753 1964; x_wconf 81' lang='lat' dir='ltr'>fateor)</span> <span class='ocrx_word' id='word_1_52' title='bbox 775 1887 874 1963; x_wconf 89' lang='lat' dir='ltr'>pluris</span> <span class='ocrx_word' id='word_1_53' title='bbox 895 1907 1002 1947; x_wconf 86' lang='lat' dir='ltr'>amore</span> <span class='ocrx_word' id='word_1_54' title='bbox 1022 1890 1085 1946; x_wconf 88' lang='lat' dir='ltr'>tuo.</span> 
     </span>
     <span class='ocr_line' id='line_1_11' title="bbox 296 1984 1204 2063; baseline -0.001 -19"><span class='ocrx_word' id='word_1_55' title='bbox 296 2005 369 2062; x_wconf 86' lang='lat' dir='ltr'>ergo</span> <span class='ocrx_word' id='word_1_56' title='bbox 391 2005 455 2063; x_wconf 86' lang='lat' dir='ltr'>age,</span> <span class='ocrx_word' id='word_1_57' title='bbox 479 2005 569 2061; x_wconf 80' lang='lat' dir='ltr'>carpe</span> <span class='ocrx_word' id='word_1_58' title='bbox 589 1985 695 2046; x_wconf 85' lang='lat' dir='ltr'>viam:</span> <span class='ocrx_word' id='word_1_59' title='bbox 717 2005 792 2044; x_wconf 86' lang='lat' dir='ltr'>nam</span> <span class='ocrx_word' id='word_1_60' title='bbox 813 2005 869 2045; x_wconf 87' lang='lat' dir='ltr'>ceu</span> <span class='ocrx_word' id='word_1_61' title='bbox 889 1984 1014 2056; x_wconf 86' lang='lat' dir='ltr'>vexilla,</span> <span class='ocrx_word' id='word_1_62' title='bbox 1038 2005 1093 2062; x_wconf 87' lang='lat' dir='ltr'>per</span> <span class='ocrx_word' id='word_1_63' title='bbox 1114 2004 1204 2044; x_wconf 84' lang='lat' dir='ltr'>auras</span> 
     </span>
     <span class='ocr_line' id='line_1_12' title="bbox 336 2082 1051 2156; baseline -0.001 -14"><span class='ocrx_word' id='word_1_64' title='bbox 336 2083 424 2142; x_wconf 90' lang='lat' dir='ltr'>mille</span> <span class='ocrx_word' id='word_1_65' title='bbox 445 2103 531 2142; x_wconf 89' lang='lat' dir='ltr'>meae</span> <span class='ocrx_word' id='word_1_66' title='bbox 552 2086 657 2143; x_wconf 80' lang='lat' dir='ltr'>tecum</span> <span class='ocrx_word' id='word_1_67' title='bbox 678 2083 799 2142; x_wconf 82' lang='lat' dir='ltr'>somnia</span> <span class='ocrx_word' id='word_1_68' title='bbox 819 2082 935 2142; x_wconf 88' lang='lat' dir='ltr'>mentis</span> <span class='ocrx_word' id='word_1_69' title='bbox 956 2085 1051 2156; x_wconf 81' lang='lat' dir='ltr'>eunt3</span> 
     </span>
     <span class='ocr_line' id='line_1_13' title="bbox 296 2180 1080 2258; baseline -0.001 -18"><span class='ocrx_word' id='word_1_70' title='bbox 296 2202 360 2241; x_wconf 88' lang='lat' dir='ltr'>non</span> <span class='ocrx_word' id='word_1_71' title='bbox 381 2181 515 2241; x_wconf 87' lang='lat' dir='ltr'>aberunt</span> <span class='ocrx_word' id='word_1_72' title='bbox 534 2182 636 2242; x_wconf 76' lang='lat' dir='ltr'>tacitis</span> <span class='ocrx_word' id='word_1_73' title='bbox 657 2202 714 2258; x_wconf 91' lang='lat' dir='ltr'>pro</span> <span class='ocrx_word' id='word_1_74' title='bbox 734 2184 765 2241; x_wconf 88' lang='lat' dir='ltr'>te</span> <span class='ocrx_word' id='word_1_75' title='bbox 788 2185 859 2242; x_wconf 90' lang='lat' dir='ltr'>vota</span> <span class='ocrx_word' id='word_1_76' title='bbox 880 2181 963 2241; x_wconf 89' lang='lat' dir='ltr'>edita</span> <span class='ocrx_word' id='word_1_77' title='bbox 984 2180 1080 2240; x_wconf 86' lang='lat' dir='ltr'>labris</span> 
     </span>
     <span class='ocr_line' id='line_1_14' title="bbox 336 2280 1028 2357; baseline 0 -19"><span class='ocrx_word' id='word_1_78' title='bbox 336 2299 469 2357; x_wconf 87' lang='lat' dir='ltr'>spesque</span> <span class='ocrx_word' id='word_1_79' title='bbox 490 2281 564 2340; x_wconf 88' lang='lat' dir='ltr'>satis</span> <span class='ocrx_word' id='word_1_80' title='bbox 584 2280 685 2340; x_wconf 80' lang='lat' dir='ltr'>facilis</span> <span class='ocrx_word' id='word_1_81' title='bbox 705 2280 760 2340; x_wconf 84' lang='lat' dir='ltr'>vix</span> <span class='ocrx_word' id='word_1_82' title='bbox 779 2280 925 2340; x_wconf 83' lang='lat' dir='ltr'>habitura</span> <span class='ocrx_word' id='word_1_83' title='bbox 946 2280 1028 2339; x_wconf 89' lang='lat' dir='ltr'>deos.</span> 
     </span>
     <span class='ocr_line' id='line_1_15' title="bbox 298 2377 1021 2455; baseline 0 -19"><span class='ocrx_word' id='word_1_84' title='bbox 298 2378 324 2436; x_wconf 85' lang='lat' dir='ltr'>si</span> <span class='ocrx_word' id='word_1_85' title='bbox 344 2381 493 2455; x_wconf 86' lang='lat' dir='ltr'>pereunte</span> <span class='ocrx_word' id='word_1_86' title='bbox 515 2381 621 2438; x_wconf 87' lang='lat' dir='ltr'>tamen</span> <span class='ocrx_word' id='word_1_87' title='bbox 642 2398 715 2438; x_wconf 85' lang='lat' dir='ltr'>eum</span> <span class='ocrx_word' id='word_1_88' title='bbox 736 2377 877 2438; x_wconf 83' lang='lat' dir='ltr'>libertate</span> <span class='ocrx_word' id='word_1_89' title='bbox 897 2377 1021 2454; x_wconf 84' lang='lat' dir='ltr'>peribis,</span> 
     </span>
     <span class='ocr_line' id='line_1_16' title="bbox 338 2475 1027 2553; baseline -0.003 -17"><span class='ocrx_word' id='word_1_90' title='bbox 338 2476 383 2536; x_wconf 84' lang='lat' dir='ltr'>nil</span> <span class='ocrx_word' id='word_1_91' title='bbox 404 2476 486 2536; x_wconf 92' lang='lat' dir='ltr'>mihi</span> <span class='ocrx_word' id='word_1_92' title='bbox 506 2479 664 2552; x_wconf 86' lang='lat' dir='ltr'>praeterea</span> <span class='ocrx_word' id='word_1_93' title='bbox 686 2477 768 2553; x_wconf 92' lang='lat' dir='ltr'>quod</span> <span class='ocrx_word' id='word_1_94' title='bbox 789 2476 930 2536; x_wconf 76' lang='lat' dir='ltr'>doleatur</span> <span class='ocrx_word' id='word_1_95' title='bbox 950 2475 1027 2548; x_wconf 81' lang='lat' dir='ltr'>erit3</span> 
     </span>
     <span class='ocr_line' id='line_1_17' title="bbox 298 2573 1091 2651; baseline 0 -19"><span class='ocrx_word' id='word_1_96' title='bbox 298 2575 401 2633; x_wconf 88' lang='lat' dir='ltr'>omnis</span> <span class='ocrx_word' id='word_1_97' title='bbox 421 2574 508 2634; x_wconf 89' lang='lat' dir='ltr'>enim</span> <span class='ocrx_word' id='word_1_98' title='bbox 529 2595 640 2635; x_wconf 85' lang='lat' dir='ltr'>seusus</span> <span class='ocrx_word' id='word_1_99' title='bbox 660 2574 838 2651; x_wconf 86' lang='lat' dir='ltr'>diffugerit;</span> <span class='ocrx_word' id='word_1_100' title='bbox 866 2594 931 2633; x_wconf 91' lang='lat' dir='ltr'>una</span> <span class='ocrx_word' id='word_1_101' title='bbox 951 2573 1091 2632; x_wconf 89' lang='lat' dir='ltr'>manebit</span> 
     </span>
     <span class='ocr_line' id='line_1_18' title="bbox 338 2671 1080 2751; baseline -0.003 -20"><span class='ocrx_word' id='word_1_102' title='bbox 338 2673 529 2751; x_wconf 78' lang='lat' dir='ltr'>praecipiens</span> <span class='ocrx_word' id='word_1_103' title='bbox 550 2674 673 2734; x_wconf 83' lang='lat' dir='ltr'>nostros</span> <span class='ocrx_word' id='word_1_104' title='bbox 693 2693 764 2749; x_wconf 87' lang='lat' dir='ltr'>spes</span> <span class='ocrx_word' id='word_1_105' title='bbox 783 2671 962 2732; x_wconf 85' lang='lat' dir='ltr'>malesuada</span> <span class='ocrx_word' id='word_1_106' title='bbox 982 2691 1080 2748; x_wconf 85' lang='lat' dir='ltr'>rogos.</span> 
     </span>
     <span class='ocr_line' id='line_1_19' title="bbox 298 2770 1094 2848; baseline -0.003 -18"><span class='ocrx_word' id='word_1_107' title='bbox 298 2771 348 2830; x_wconf 90' lang='lat' dir='ltr'>sin</span> <span class='ocrx_word' id='word_1_108' title='bbox 368 2772 453 2831; x_wconf 81' lang='lat' dir='ltr'>favet</span> <span class='ocrx_word' id='word_1_109' title='bbox 472 2772 606 2848; x_wconf 73' lang='lat' dir='ltr'>inceptis</span> <span class='ocrx_word' id='word_1_110' title='bbox 626 2773 703 2832; x_wconf 88' lang='lat' dir='ltr'>deus</span> <span class='ocrx_word' id='word_1_111' title='bbox 723 2774 915 2847; x_wconf 87' lang='lat' dir='ltr'>eventusque</span> <span class='ocrx_word' id='word_1_112' title='bbox 936 2770 1094 2842; x_wconf 85' lang='lat' dir='ltr'>secundat,</span> 
     </span>
     <span class='ocr_line' id='line_1_20' title="bbox 339 2869 1021 2947; baseline -0.001 -20"><span class='ocrx_word' id='word_1_113' title='bbox 339 2869 366 2928; x_wconf 88' lang='lat' dir='ltr'>si</span> <span class='ocrx_word' id='word_1_114' title='bbox 386 2889 462 2929; x_wconf 87' lang='lat' dir='ltr'>suus</span> <span class='ocrx_word' id='word_1_115' title='bbox 482 2870 634 2947; x_wconf 87' lang='lat' dir='ltr'>Hispanis</span> <span class='ocrx_word' id='word_1_116' title='bbox 653 2873 701 2930; x_wconf 86' lang='lat' dir='ltr'>est</span> <span class='ocrx_word' id='word_1_117' title='bbox 721 2869 879 2929; x_wconf 86' lang='lat' dir='ltr'>rediturus</span> <span class='ocrx_word' id='word_1_118' title='bbox 900 2869 1021 2941; x_wconf 86' lang='lat' dir='ltr'><strong>h0n0r;</strong></span> 
     </span>
     <span class='ocr_line' id='line_1_21' title="bbox 298 2966 1048 3043; baseline 0 -19"><span class='ocrx_word' id='word_1_119' title='bbox 298 2967 358 3027; x_wconf 83' lang='lat' dir='ltr'>hoe</span> <span class='ocrx_word' id='word_1_120' title='bbox 378 2967 438 3026; x_wconf 85' lang='lat' dir='ltr'>erit</span> <span class='ocrx_word' id='word_1_121' title='bbox 458 2966 492 3026; x_wconf 91' lang='lat' dir='ltr'>in</span> <span class='ocrx_word' id='word_1_122' title='bbox 512 2968 602 3043; x_wconf 82' lang='lat' dir='ltr'>votis,</span> <span class='ocrx_word' id='word_1_123' title='bbox 626 2971 662 3027; x_wconf 88' lang='lat' dir='ltr'>ut</span> <span class='ocrx_word' id='word_1_124' title='bbox 683 2967 774 3027; x_wconf 81' lang='lat' dir='ltr'>fracti</span> <span class='ocrx_word' id='word_1_125' title='bbox 794 2966 925 3027; x_wconf 84' lang='lat' dir='ltr'>nuntius</span> <span class='ocrx_word' id='word_1_126' title='bbox 946 2966 1048 3026; x_wconf 84' lang='lat' dir='ltr'>hostis</span> 
     </span>
     <span class='ocr_line' id='line_1_22' title="bbox 338 3065 962 3126; baseline 0 -2"><span class='ocrx_word' id='word_1_127' title='bbox 338 3065 381 3124; x_wconf 86' lang='lat' dir='ltr'>sit</span> <span class='ocrx_word' id='word_1_128' title='bbox 401 3065 482 3124; x_wconf 89' lang='lat' dir='ltr'>mihi</span> <span class='ocrx_word' id='word_1_129' title='bbox 501 3066 646 3126; x_wconf 81' lang='lat' dir='ltr'>laetantis</span> <span class='ocrx_word' id='word_1_130' title='bbox 666 3066 747 3125; x_wconf 84' lang='lat' dir='ltr'>risus</span> <span class='ocrx_word' id='word_1_131' title='bbox 766 3065 801 3124; x_wconf 90' lang='lat' dir='ltr'>in</span> <span class='ocrx_word' id='word_1_132' title='bbox 822 3086 873 3125; x_wconf 89' lang='lat' dir='ltr'>ore</span> <span class='ocrx_word' id='word_1_133' title='bbox 893 3065 962 3124; x_wconf 88' lang='lat' dir='ltr'>viri.</span> 
     </span>
     <span class='ocr_line' id='line_1_23' title="bbox 1086 3173 1183 3209; baseline 0 -2"><span class='ocrx_word' id='word_1_134' title='bbox 1086 3175 1105 3209; x_wconf 70' lang='lat' dir='ltr'>d.</span> <span class='ocrx_word' id='word_1_135' title='bbox 1120 3174 1145 3207; x_wconf 78' lang='lat' dir='ltr'>A.</span> <span class='ocrx_word' id='word_1_136' title='bbox 1158 3173 1183 3207; x_wconf 82' lang='lat' dir='ltr'>G·</span> 
     </span>
    </p>
   </div>
   <div class='ocr_carea' id='block_1_5' title="bbox 0 0 1547 4490">
    <p class='ocr_par' dir='ltr' id='par_1_5' title="bbox 0 0 1547 4490">
     <span class='ocr_line' id='line_1_24' title="bbox 0 0 1547 4490; baseline 0 0"><span class='ocrx_word' id='word_1_137' title='bbox 0 0 1547 4490; x_wconf 95' lang='lat' dir='ltr'> </span> 
     </span>
    </p>
   </div>
  </div>
 </body>
</html>
