3094 4494
635 360 849 410 OXONIENSIS

726 804 747 843 V

401 899 496 960 Oultu
516 898 635 959 ludicra
655 898 719 958 iem
740 919 823 960 novo
871 911 873 917 ’

442 999 619 1074 procedant,
642 997 750 1058 solitas
771 1018 828 1058 nec
848 999 998 1075 peragant
1017 997 1109 1073 vices,

402 1096 456 1156 sed
476 1099 602 1174 gratum
621 1096 817 1157 variantibus

441 1196 605 1254 mutentur
626 1193 738 1254 thiasis
758 1193 888 1271 saepius,
911 1196 944 1253 et
965 1193 1025 1253 cito

403 1292 556 1352 alternate
576 1291 683 1352 minus
703 1311 809 1352 morae

442 1392 507 1451 sint
528 1391 688 1451 desideriis
709 1390 956 1468 adspicientium.

402 1492 578 1567 exspectare
599 1489 695 1550 nimis
715 1489 769 1549 diu

444 1587 595 1665 quidquid
616 1608 681 1648 non
701 1586 790 1648 tenui
810 1586 932 1646 lumine
953 1586 1068 1663 decipit

402 1686 494 1759 festu,
518 1685 669 1745 mollibus
689 1685 798 1745 eximit

443 1786 565 1861 partem
587 1783 713 1844 deliciis.
758 1783 873 1861 migret
892 1783 1029 1843 amarior

402 1880 520 1957 vultus,
544 1881 573 1942 si
592 1881 668 1959 quid
687 1883 720 1942 et
740 1880 861 1941 horridi

443 1979 522 2040 lucis
543 1979 626 2040 iussa
646 1981 760 2040 menet.
804 1981 913 2039 nostra
933 1979 1031 2039 licens
1052 1978 1127 2039 iocis

403 2096 465 2136 nox
485 2076 650 2137 soHemnia
670 2079 854 2152 commovet,

445 2175 538 2234 altrix
559 2175 678 2250 siderei,
703 2195 764 2251 quo
785 2175 895 2250 radiat,
919 2175 984 2251 poli

405 2293 440 2333 ac
460 2276 531 2332 tum
551 2272 623 2350 plus
643 2273 737 2333 solito
757 2274 863 2333 nitens

446 2370 547 2431 dulcis
567 2370 692 2431 delicias
713 2391 785 2430 cum
805 2371 894 2432 iuvet
915 2371 1028 2432 addite.

405 2472 564 2546 sceptrum
585 2469 713 2530 cernitis
734 2473 771 2530 ut
791 2472 899 2530 vomat

446 2567 528 2645 ignis
548 2569 733 2629 flammifero
754 2589 826 2629 cum
848 2569 1045 2630 diademate?

405 2668 442 2726 ut
463 2666 500 2727 de
521 2669 607 2726 veste
627 2669 765 2727 tremens
786 2668 859 2728 deae

446 2764 589 2825 decurrat
609 2765 723 2841 liquidi
742 2765 837 2826 fascia
858 2766 1015 2826 luminis?

405 2862 494 2922 illam
515 2881 580 2923 non
600 2863 694 2924 hodie
715 2864 803 2924 iuvat

445 2961 625 3021 inmersisse
646 2962 712 3022 suis
732 2964 858 3038 pectora
877 2962 1008 3038 roribus,

405 3079 470 3119 non
490 3079 601 3120 somno
621 3080 762 3137 premere
783 3060 910 3120 obrutos

447 3176 573 3217 sensus:
601 3158 632 3216 te
652 3157 749 3234 vigili
772 3156 914 3233 quisquis
934 3157 1008 3218 ades
1028 3157 1132 3232 sacris,

407 3254 501 3315 turbe
520 3254 620 3330 pascit
639 3254 824 3332 imaginum,

447 3353 556 3430 plenae
576 3354 692 3413 crescat
711 3351 760 3412 uti
781 3372 904 3413 summa
924 3353 1075 3415 licentiae.

1114 3466 1138 3500 R.
1154 3465 1176 3498 Ε.
