3094 4494
628 371 843 422 oxoulsnsls

668 551 798 595 XXXVIII

236 650 310 709 Iure
331 649 428 728 igitur
448 649 548 710 vitam
568 649 743 710 humanam
763 649 843 710 ratio
864 648 1003 726 increpat
1023 649 1113 725 ipsa3

236 751 307 808 tene
327 751 364 809 ut
383 767 441 826 ego
461 747 632 824 amplectar
653 748 762 825 cupide
783 747 967 808 studeamve
987 748 1131 809 morari?

237 866 332 923 quam
353 846 407 923 qui
427 845 605 922 perdiderit,
630 848 757 905 tantum
777 847 872 906 modo
893 845 1029 922 perdidit
1049 845 1128 906 illud

237 965 301 1004 non
321 944 385 1004 nisi
405 944 488 1021 quod
509 943 616 1004 stultis
637 964 730 1004 curae
750 947 819 1018 est;
847 963 925 1021 quae
947 944 1086 1020 corporis
1107 943 1202 1004 huius

238 1062 419 1120 compagem
440 1042 519 1102 levis
540 1062 617 1102 aura
636 1043 769 1118 habitas,
794 1041 957 1102 mutabilis
977 1043 1073 1102 horae

237 1141 369 1216 insidiis,
392 1141 535 1217 variique
555 1141 653 1201 minis
675 1141 808 1202 obnoxia
830 1140 914 1202 caeli.

238 1259 294 1300 nec
315 1240 395 1300 levia
415 1239 549 1299 instanti
570 1241 663 1300 debes
685 1239 821 1300 ludibria
841 1239 955 1300 morti:

238 1358 333 1414 quam
353 1338 468 1398 misera
488 1338 610 1399 assidue
631 1358 779 1415 properas
798 1338 906 1413 vitare,
930 1338 1090 1416 graduque

239 1437 315 1496 dum
335 1436 452 1514 fugitas
471 1436 617 1514 propiore
637 1436 730 1513 petis.
771 1457 829 1496 nec
851 1437 986 1514 denique
1007 1435 1130 1496 honest‘

239 1535 273 1594 in
294 1539 332 1609 te,
357 1535 440 1611 quod
460 1535 562 1610 iactes,
587 1534 754 1612 quicquam
777 1539 825 1595 est
836 1556 843 1610 ;
869 1536 995 1612 quando
1015 1534 1122 1594 omnia
1142 1534 1228 1610 turpi

239 1635 409 1710 commoda,
434 1633 505 1711 quis
526 1634 647 1710 frueris,
671 1634 731 1694 tibi
751 1636 826 1694 sunt
848 1634 887 1694 ab
907 1633 1027 1711 origine
1047 1636 1130 1694 nata.

240 1732 317 1808 quin
336 1733 469 1792 minime
490 1751 525 1792 es
544 1732 653 1792 fortis:
681 1735 778 1792 terret
799 1753 893 1808 quem
914 1731 1045 1808 parvula
1065 1751 1201 1808 serpens,

240 1830 348 1890 mollia
369 1850 409 1890 ne
429 1831 542 1890 bifidae
562 1831 698 1890 intentet
719 1830 777 1890 tibi
797 1830 928 1891 vulnera
949 1830 1084 1908 linguae.

240 1932 283 2003 tu,
309 1929 431 2006 requies
451 1928 576 1988 homini
595 1928 669 2004 quia
690 1927 734 1987 sic
755 1927 848 1987 datur
869 1928 994 2004 optima,
1019 1949 1165 1989 somnum

241 2047 385 2087 securum
405 2027 496 2103 capis,
520 2029 614 2103 atque
634 2025 764 2086 arcessis
783 2025 907 2102 saepius
927 2026 1030 2086 ultro:

242 2126 317 2184 dum
338 2126 437 2184 letum
458 2125 527 2202 ipsa
546 2129 649 2199 tuum,
673 2144 783 2184 somno
805 2123 944 2184 securius
965 2125 1060 2200 omni,

241 2243 328 2284 caeca
344 2223 541 2284 reformidas.
582 2243 639 2282 nec
660 2242 733 2282 vero
755 2242 788 2282 es
808 2224 944 2282 tutemet
964 2223 1049 2299 ipsa;

242 2322 355 2400 quippe
375 2321 502 2382 aliunde
523 2321 645 2381 animae
667 2321 717 2381 cui
738 2321 803 2381 sint
823 2320 973 2381 alimenta
993 2323 1132 2398 petenda,

242 2440 321 2497 quae
341 2420 402 2480 tibi
421 2440 591 2498 granorum
611 2422 660 2479 tot
679 2419 781 2479 millia
800 2419 929 2496 pulvere
948 2419 988 2479 ab
1009 2420 1078 2496 ipso

241 2520 325 2579 edita
345 2519 557 2596 suppeditant.
598 2519 650 2579 sed
671 2538 728 2579 nec
749 2520 839 2595 potes
859 2537 925 2578 esse
945 2518 1042 2594 beata,

243 2638 319 2694 quae
342 2618 424 2694 quod
445 2617 532 2678 abest
553 2617 676 2695 quaeris
697 2637 827 2694 semper,
850 2618 1026 2695 praesentia
1046 2620 1210 2690 temnens;

243 2737 300 2776 nec
320 2716 465 2776 stabilem
485 2719 642 2792 praestare
662 2715 814 2790 animum,
839 2735 917 2792 quae
938 2715 1077 2776 motibus
1097 2718 1165 2775 acta

243 2815 306 2875 huc
326 2814 401 2875 illuc
421 2815 516 2875 variis
536 2814 642 2875 linitas
663 2813 741 2874 levis
761 2817 855 2890 atque
874 2813 1006 2891 vagaris,

242 2917 290 2974 tot
310 2916 445 2988 mutans,
470 2916 545 2990 quot
566 2912 648 2988 luna,
672 2911 767 2972 vices.
808 2912 1006 2988 pauperrima
1026 2915 1109 2972 certa

242 3015 319 3071 tunc
338 3012 403 3088 fies,
427 3031 500 3071 cum
521 3011 608 3072 dives
628 3011 689 3070 eris
700 3031 708 3084 ;
737 3009 850 3086 quippe
871 3009 970 3069 instar
989 3009 1084 3084 aselli,

243 3109 364 3170 sarcina
384 3109 435 3170 cui
454 3109 580 3169 lumbos
600 3111 747 3185 congesto
766 3109 948 3184 praegravat
968 3127 1052 3183 auro,

243 3209 379 3285 pondere
399 3227 507 3286 pressa
526 3207 614 3285 gravi
634 3227 706 3266 cum
727 3226 854 3265 cursum
874 3207 1011 3284 exegeris
1030 3208 1107 3280 aevi,

244 3308 393 3384 invenies,
417 3326 496 3384 quae
516 3306 622 3366 demat
643 3324 722 3366 onus
742 3304 809 3379 tibi,
833 3304 968 3382 denique
988 3310 1135 3368 mortem.

245 3427 301 3466 nec
322 3406 446 3466 salvum
466 3404 537 3465 vult
557 3408 589 3464 te
611 3405 784 3481 quisquam,
810 3423 911 3481 neque
931 3405 1047 3465 amaris
1067 3405 1106 3466 ab
1126 3406 1211 3466 ullo:

245 3525 320 3565 nam
340 3504 467 3582 proprio
486 3504 545 3564 tibi
566 3503 698 3563 seminio
720 3503 775 3580 qui
794 3503 934 3563 nascitur
953 3504 1051 3576 heres,

246 3604 300 3681 qui
319 3603 421 3681 patrio
443 3602 578 3680 appellat
598 3604 629 3660 te
650 3601 788 3677 nomine,
809 3621 901 3679 saepe
921 3601 1055 3678 querelis

245 3701 407 3778 increpitat
427 3701 571 3775 scabiem,
595 3703 627 3760 et
647 3700 750 3776 febris,
773 3700 957 3777 tardamque
976 3699 1155 3777 podagram,

246 3801 328 3877 quod
349 3800 409 3861 tibi
429 3819 494 3862 non
514 3799 611 3859 finem
632 3798 796 3870 attulerint
815 3799 1033 3875 properantius
1053 3798 1132 3860 aevi.
