3094 4494
645 379 860 428 OXONlENSlS

656 929 659 934 '
728 930 763 972 Vl

291 1025 362 1084 Non
383 1046 448 1103 ego,
471 1027 548 1086 dum
569 1025 739 1086 semiustus
758 1025 861 1086 adhue
881 1044 976 1102 rogus
996 1025 1090 1099 ardet,
1114 1022 1224 1096 abibo;

331 1124 404 1183 iude
425 1124 509 1200 satis,
534 1124 679 1184 flammae
700 1144 762 1202 quo
782 1125 982 1198 renoventur,
1006 1122 1085 1182 erit:

292 1242 347 1282 nec
366 1225 473 1283 tamen
493 1223 552 1284 hoc
572 1222 692 1283 ausim:
719 1221 925 1300 nequeenim
945 1241 996 1281 me
1017 1221 1125 1281 funere
1146 1219 1203 1280 tali

332 1320 460 1398 dignor:
487 1321 521 1380 in
542 1321 696 1381 Herculea
715 1341 790 1398 pars
809 1320 891 1381 mihi
910 1319 999 1380 nulla
1019 1337 1105 1396 pyra

291 1419 375 1479 haud
395 1438 483 1479 secus
504 1419 669 1480 Oechalios
688 1419 821 1481 memini
839 1420 986 1496 flagrasse
1005 1418 1128 1494 penatis

331 1519 363 1577 et
383 1517 508 1593 patrias,
531 1518 671 1578 multum
691 1537 742 1578 me
763 1517 954 1593 lacrimante,
979 1517 1107 1588 domos;

292 1617 338 1674 tot
358 1617 466 1675 tamen
486 1614 617 1690 amissis,
641 1618 731 1675 tanta
750 1617 917 1692 superante
937 1615 1037 1684 ruina,

333 1714 418 1791 quod
439 1733 674 1790 compensarem
694 1716 744 1774 sat
764 1713 826 1773 tuit
846 1733 930 1773 unus
950 1733 1047 1774 amor.

293 1810 359 1886 ipse
378 1812 439 1871 iter
458 1810 499 1871 ad
518 1831 633 1872 navem
654 1813 762 1871 dextra
782 1810 864 1870 mihi
883 1810 973 1870 fulsit
994 1810 1101 1885 amica,

331 1909 399 1984 (aut
419 1929 514 1984 amor,
539 1911 593 1969 aut
614 1910 731 1985 species
750 1908 830 1968 illud
851 1909 966 1969 amoris
987 1908 1074 1987 erat)

290 2007 410 2069 addidit
431 2011 462 2068 et
482 2028 582 2083 voces,
605 2011 637 2068 et
657 2007 773 2067 iunctis
793 2007 898 2067 oscula
918 2007 1034 2081 labris;

331 2106 410 2166 mira
430 2107 549 2182 loquor,
573 2108 648 2166 nato
668 2125 720 2165 me
740 2105 892 2182 placuisse
913 2105 1008 2166 Iovis.

290 2225 374 2266 nunc
394 2206 477 2265 mihi
496 2207 546 2266 vir
565 2205 666 2283 periit,
687 2206 801 2266 fratres
820 2205 945 2282 periere,
969 2209 1124 2284 paterque,

331 2307 364 2362 et
382 2304 541 2382 genetrix:
569 2306 651 2365 resto
672 2323 762 2364 serva
782 2306 938 2380 superstes
958 2324 1027 2365 ero:

290 2402 457 2461 debueram
476 2401 540 2462 iam
560 2404 637 2462 tunc
657 2402 783 2478 sepeliri
802 2405 902 2462 matre
922 2404 1051 2480 sepulta,

330 2501 381 2560 vel
402 2500 485 2561 latus
504 2501 555 2561 hic
576 2501 704 2562 domino
725 2501 915 2561 conseruisse
936 2521 1014 2564 meo.

290 2598 414 2676 iamque
434 2601 522 2658 satur
541 2600 618 2660 fletu
639 2599 731 2659 cessit
750 2601 843 2660 vetus
862 2600 915 2659 ille
936 2601 1050 2661 sodalis
1060 2622 1069 2676 ;

330 2699 514 2757 centaurum
535 2697 671 2758 latebrae
691 2698 852 2775 lustraque
873 2718 960 2758 caeca
979 2701 1106 2758 tenent:

290 2795 355 2854 sola
375 2815 432 2872 ego
453 2796 582 2856 dilectos
601 2798 720 2857 cineres
740 2797 819 2874 vigil
840 2817 971 2875 ossaque
992 2817 1089 2871 servo,

330 2894 502 2954 Herculeae
522 2898 627 2956 custos
647 2916 711 2956 una
731 2897 838 2957 relicta
858 2917 961 2974 pyrae.

289 2992 472 3068 esttamen,
495 2995 545 3053 est
565 3013 644 3070 quae
665 2993 732 3054 sola
751 3013 854 3055 sacrae
875 2994 933 3054 sub
955 2993 1093 3070 tegmine
1114 2996 1222 3070 noctis,

330 3089 397 3151 sola
415 3091 523 3168 procul
544 3091 678 3151 madidis
698 3094 817 3152 maeret
837 3094 869 3151 et
889 3092 957 3168 ipsa
977 3091 1085 3168 genis:

289 3189 344 3248 sed
364 3189 446 3249 mihi
466 3209 523 3249 nec
544 3189 681 3249 similem
702 3209 809 3248 curam
830 3189 915 3249 fovet
935 3189 998 3266 illa,
1023 3210 1080 3251 nec
1101 3210 1240 3268 unquam

331 3287 514 3364 participem
534 3288 638 3348 luctus
658 3307 710 3346 mo
731 3287 812 3348 sinet
832 3307 898 3348 esse
919 3290 976 3348 sui.

1121 3401 1140 3435 J,
1154 3399 1178 3434 l.
1190 3401 1215 3436 G·
