3094 4494
634 408 850 456 OXONIENSIS

706 745 775 786 xuu

281 856 398 916 Vinea
419 876 492 917 cum
513 857 606 917 tellus
627 860 711 918 nuda
731 859 884 918 hactenus
905 857 1008 916 omnis
1029 861 1061 917 et
1081 876 1189 932 expers

281 955 438 1031 tegminis,
461 959 493 1015 et
514 955 589 1016 facie
611 957 755 1034 squalens
777 957 1001 1032 inamoenaque
1022 956 1102 1028 visu,

282 1053 458 1128 gramineas
479 1055 653 1114 summittit
673 1075 746 1131 opes
768 1057 928 1130 totamque
949 1052 1080 1113 tenellae

281 1151 457 1227 parturiens
477 1152 590 1212 herbae
611 1153 707 1213 viridi
726 1173 759 1213 se
779 1153 875 1213 vestit
896 1152 1023 1213 amictu.

281 1269 355 1308 mox
376 1249 496 1309 subitas
517 1251 617 1311 trudit
637 1271 777 1330 gemmas
797 1251 960 1328 variosque
981 1251 1098 1310 colores

280 1348 415 1424 explicat
435 1369 527 1409 omne
548 1370 646 1426 genus
667 1350 789 1424 florum,
813 1349 944 1409 festivus
965 1349 1053 1408 oderi

281 1446 403 1505 multus
423 1447 524 1506 honos
545 1448 676 1524 gremii:
699 1448 804 1507 densis
825 1447 993 1507 subitura
1014 1446 1143 1506 racemis

283 1544 452 1619 luxurians,
477 1546 599 1604 tumido
620 1567 694 1606 mox
714 1549 825 1606 ventre
847 1545 1007 1605 cucurbita
1027 1545 1139 1620 prodit.

281 1642 388 1701 horret
409 1644 614 1704 arundinibus
636 1647 711 1704 tunc
732 1664 843 1705 cornea
863 1644 951 1718 silva,
975 1643 1110 1720 myricae

283 1761 356 1800 mex
376 1741 521 1816 humiles,
546 1743 638 1802 tortis
658 1746 690 1802 et
711 1743 802 1819 spina
823 1743 937 1803 innexa
959 1737 1079 1817 capillis

282 1839 495 1901 subveniunt:
517 1841 616 1900 iustas
637 1841 782 1917 deinceps
802 1841 926 1900 imitata
948 1841 1073 1900 chereas

284 1958 421 2015 quaeque
443 1939 526 1999 lavat
546 1959 672 2015 procera
692 1940 783 1999 arbos
805 1944 898 2015 caput
918 1939 1035 2013 ordine,
1057 1942 1090 1999 et
1112 1959 1219 1998 omnes

282 2036 448 2114 frugiferos
469 2037 613 2112 pandunt
633 2057 737 2097 ramos
757 2039 813 2097 aut
833 2037 944 2097 florida
964 2038 1098 2097 trudunt

283 2136 441 2212 germina:
470 2135 542 2196 dein
563 2136 650 2195 collis
672 2137 789 2212 passim
810 2155 938 2195 nemora
959 2137 1024 2194 alta
1045 2137 1201 2207 coronant,

283 2235 315 2292 et
335 2233 429 2292 vallis
450 2233 597 2293 decorant
617 2233 731 2293 herbae
752 2253 956 2311 muscosaque
978 2233 1075 2292 fontis

284 2330 433 2407 gramina,
456 2333 606 2407 perpetuo
628 2331 817 2391 clauduntur
837 2330 978 2407 margine
999 2331 1068 2390 rivi.
1087 2341 1089 2346 '

283 2429 347 2488 iam
368 2428 455 2504 paria
473 2431 506 2488 et
526 2428 647 2504 superis
668 2429 750 2488 fiunt
771 2429 938 2504 terrestria,
962 2428 1050 2488 sedes

284 2525 333 2584 dis
352 2525 430 2602 ipsis
451 2524 570 2602 dignae,
595 2525 662 2584 loca
682 2545 736 2585 seu
757 2546 812 2602 per
832 2545 963 2586 amoena
984 2526 1091 2602 vagari

285 2624 350 2684 sive
370 2624 499 2684 umbras
522 2623 617 2683 libeat
637 2643 739 2684 sacras
760 2625 913 2684 celebrare
934 2623 1109 2700 propinquo

285 2723 422 2783 numine.
466 2722 608 2783 noudum
628 2724 704 2783 adeo
725 2723 831 2783 mollis
852 2723 1026 2782 immiserat
1047 2721 1157 2782 imbris

285 2821 390 2880 telluri
407 2822 492 2881 Deus
513 2821 721 2897 omnipotens
747 2822 912 2898 deeratque
933 2821 1037 2880 labere

285 2919 339 2995 qui
360 2920 516 2979 domitum
535 2923 691 2980 exerceret
710 2940 842 2997 agrum:
865 2923 970 2978 tamen
991 2919 1059 2994 ipsa
1079 2937 1227 2994 vaporem

284 3021 396 3094 sponte
416 3037 473 3078 sua
493 3017 654 3078 summisit
673 3018 801 3092 humus,
826 3020 990 3094 totumque
1011 3015 1132 3093 rigabat

284 3137 353 3176 rore
374 3116 477 3176 solum
498 3116 687 3193 mollemque
707 3116 838 3175 herbam
858 3115 1043 3191 plantasque
1064 3113 1204 3187 tenellas,

285 3234 363 3291 quas
384 3215 497 3290 omnis,
521 3215 608 3290 prius
629 3214 664 3273 in
685 3213 789 3273 culmo
811 3233 906 3290 quam
928 3212 1010 3272 laeta
1029 3212 1146 3273 virenti

285 3313 450 3372 crescentis
471 3313 567 3372 aleret
587 3312 690 3384 tellus,
714 3312 799 3372 Deus
819 3312 886 3387 ipse
908 3313 1034 3372 crearat.

285 3413 397 3470 cuncta
417 3413 514 3472 Pater
532 3411 598 3470 iam
618 3411 686 3470 visa
706 3410 837 3486 probat:
862 3409 906 3468 sic
928 3411 1021 3469 tertia
1041 3410 1156 3469 laetam

285 3508 409 3567 deducit
430 3510 484 3568 lux
505 3512 574 3568 orta
591 3508 682 3583 diem,
708 3529 771 3568 nox
792 3507 884 3568 tertia
905 3507 1031 3567 claudit.

1124 3619 1145 3652 C.
1159 3617 1179 3651 S.
1193 3619 1213 3651 J.
