3094 4494
638 379 853 430 OXONIENSIS

694 616 796 658 xxxxv

244 708 327 786 Ergo
346 708 408 769 iter
427 707 605 786 impavidus
626 712 811 788 noctemque
831 710 960 788 impune
981 731 1036 788 per
1056 731 1183 772 omnem

243 814 420 892 insequitur
439 815 556 894 latique
576 817 651 895 fuga
671 820 755 878 secat
776 837 909 896 aequora
930 817 1040 893 campi,
1198 818 1200 824 '

242 921 344 982 excita
364 923 441 984 dum
461 923 590 984 tandem
610 924 928 985 circumvolventibus
947 924 1035 984 horis

243 1049 353 1091 aurora
372 1030 530 1091 excutitur
550 1030 670 1091 somnis
691 1033 724 1091 et
745 1031 880 1092 claustra
900 1030 962 1091 diei

243 1136 297 1196 dat
317 1157 405 1197 rosea
424 1139 560 1198 reserata
580 1157 685 1200 manu.
731 1139 881 1216 genitoris
901 1137 937 1197 in
957 1138 1022 1197 alto

242 1246 349 1305 monte
370 1244 577 1327 latetlspeous
597 1247 629 1304 et
649 1244 721 1304 solii
741 1244 876 1304 confinia
896 1243 1006 1322 tangit,

242 1370 303 1427 qua
323 1371 447 1428 semper
466 1352 522 1412 lux
541 1351 637 1430 inque
656 1353 759 1414 vicem
780 1351 923 1430 caliginis
944 1353 1056 1412 umbre

243 1458 319 1518 dant
339 1459 527 1536 capiuntque
547 1459 669 1522 locum:
691 1465 876 1539 noctemque
895 1461 1020 1520 imitata
1040 1459 1184 1536 diemque

242 1586 348 1627 rerum
368 1566 540 1628 alternatur
559 1569 676 1645 species
695 1571 877 1646 mutataque
898 1569 1021 1647 gaudet.

240 1675 299 1733 hac
320 1673 374 1733 lux
394 1674 552 1751 egreditur
570 1677 669 1752 ports,
693 1675 791 1736 simul
811 1677 941 1752 occupat
961 1675 1050 1736 illam

242 1780 348 1857 caligo,
372 1799 522 1857 superum
540 1781 625 1841 iusto
646 1783 724 1843 dum
744 1784 883 1860 tempore
904 1782 992 1844 sedes

242 1887 401 1963 obscuret3
428 1888 588 1948 sedenim
609 1888 685 1950 caeli
706 1889 917 1950 sublustribus
937 1889 1059 1949 umbris

240 1992 364 2052 velatur
383 1993 476 2054 iacies
495 1998 528 2055 et
547 1999 655 2056 nostra
676 1997 857 2074 crepuscula
876 1996 1019 2073 praefert

280 2100 405 2177 iamque
421 2101 585 2163 incedebat
605 2122 752 2179 supremo
773 2102 874 2180 qualis
896 2102 1030 2179 Olympo

241 2207 365 2268 Lucifer
383 2211 416 2268 et
435 2209 574 2269 fiammis
593 2229 731 2288 auroque
752 2211 880 2271 ardente
900 2209 1060 2286 refulgens

241 2315 411 2391 dispulerat
430 2316 526 2376 radiis
546 2317 625 2378 fixas
647 2317 827 2378 Orientibue
848 2318 995 2391 umbras3

240 2420 359 2499 fulgida
378 2425 450 2484 tum
470 2422 575 2484 densis
595 2424 662 2484 sola
683 2424 747 2485 lata
768 2425 895 2502 repente
917 2423 1050 2485 catervis

241 2549 410 2607 currusque
430 2532 462 2590 et
482 2529 602 2608 biiuges
622 2531 718 2591 simul
738 2550 826 2591 arma
845 2529 1005 2592 vomentia
1024 2530 1168 2590 flammas

240 2639 388 2712 apparent
410 2636 508 2696 oculis
528 2636 672 2716 ignisque
691 2655 731 2698 ex
751 2637 823 2714 igne
844 2637 985 2698 relucens
996 2658 1005 2713 ;

240 2742 359 2802 bellum
379 2743 414 2804 in
434 2743 596 2820 procinctu
617 2743 724 2820 sensit,
747 2747 922 2822 notumque
943 2743 1026 2822 quod
1047 2743 1113 2819 ipse

240 2849 411 2909 crediderat
431 2869 464 2909 se
484 2849 563 2910 ferre
584 2870 711 2910 novum.
752 2851 874 2912 socium
892 2851 965 2910 inde
985 2869 1041 2926 per
1061 2868 1153 2908 auras

239 2953 335 3015 infert
356 2975 388 3015 se
409 2955 501 3016 sociis
521 2959 616 3034 atque
636 2956 762 3035 agmina
781 2957 893 3036 iungit.
935 2959 967 3016 et
987 2955 1035 3015 illi

240 3061 374 3122 clamore
393 3062 554 3139 excipiunt
574 3063 718 3123 reducem
738 3063 935 3140 gaudentque
955 3063 1097 3135 tuentes;

238 3169 324 3229 hunc
345 3168 384 3227 de
404 3169 453 3228 tot
472 3168 576 3246 lapsis,
600 3169 685 3229 hunc
705 3189 807 3229 unum
827 3167 943 3244 sospite
963 3186 1057 3227 cursu

237 3275 428 3335 incolumem
450 3274 578 3336 rediisse
598 3276 713 3334 tamen.
756 3274 801 3334 sic
822 3274 933 3334 deinde
954 3277 1129 3337 merentem

239 3379 316 3440 colle
337 3382 429 3441 tenus
450 3400 538 3442 sacro
559 3399 761 3457 summaeque
782 3380 821 3441 ad
843 3379 955 3441 limina
975 3381 1058 3441 sedis

126 3543 130 3550 .
238 3486 421 3562 perducunt,
444 3488 528 3548 unde
548 3507 565 3548 e
586 3487 680 3547 nubis
699 3487 912 3564 penetralibus
932 3507 1042 3548 aureae

239 3593 359 3654 reddita
380 3591 441 3656 vex
461 3594 678 3671 placidumque
698 3613 815 3656 sonans
834 3594 982 3655 allabitur
1002 3594 1094 3658 auris.

1100 3722 1126 3760 Γ.
1137 3721 1172 3758 ΒΕ
1182 3721 1207 3758 P·
