3070 4490
631 397 846 446 OXONIENSIS

457 559 551 621 τῶνδε
572 563 702 638 παρειῶν
727 559 914 638 ἱμεροεσσῶν

456 661 673 743 ἐρατειυότεραι
695 662 773 728 τίνες
795 663 872 726 εἰσίν
884 685 896 736 ,·

457 751 540 828 ἀλλὰ
561 763 619 846 γὰρ
641 762 679 843 ἦν
699 790 750 847 μοι
774 767 864 848 σιγῆς
885 789 929 831 τις
952 765 1035 846 ἔρως,

454 868 553 947 κώμου
574 865 601 932 δ’
624 871 711 953 ἰαχῆς

456 973 653 1056 τερπνότερόν
673 997 725 1051 μοι
747 978 782 1037 τὸ
803 973 945 1055 γαληνόν.

1061 1090 1084 1124 Ε.
1097 1089 1122 1124 D.
1137 1091 1162 1124 Α.
1176 1089 1195 1123 Ι

710 1517 765 1558 mx

242 1613 425 1689 Exempline
439 1615 532 1674 tenax
553 1614 629 1675 adeo
650 1613 833 1692 generisque
853 1613 987 1673 tuendi?

282 1711 351 1786 ipsa
371 1730 427 1788 per
445 1713 478 1772 et
498 1713 643 1789 scopulos
663 1731 812 1790 caesaque
832 1732 907 1772 saxa
927 1713 1029 1789 negat.

245 1809 349 1869 ‘mille
369 1810 474 1870 fluunt
493 1810 651 1887 exempla'
673 1810 758 1871 canit
781 1811 978 1887 ‘formaeque
999 1810 1147 1870 caducae:

286 1907 383 1984 ‘quid
399 1908 481 1967 mihi
497 1928 569 1969 cum
589 1909 688 1968 fixis?
729 1909 836 1968 omnia
856 1929 968 1984 nempe
989 1908 1097 1969 fiuent.

245 2006 400 2066 ‘consulis
420 2007 479 2067 has
499 2007 618 2068 soriis?
644 2027 719 2085 erge
739 2027 809 2067 mea
830 2006 912 2066 dicta
932 2009 1048 2067 teneto.

286 2107 343 2164 ‘en
363 2125 422 2184 ego
442 2125 514 2166 sum
534 2105 618 2166 vitae
638 2126 731 2166 causa
751 2106 924 2183 modusque
945 2107 1025 2165 tuae.

245 2204 309 2263 ‘nil
329 2204 452 2264 animae
473 2203 550 2265 novi
568 2204 631 2266 nisi
652 2224 747 2283 quam
768 2203 869 2264 trahis
890 2203 970 2264 aeris
991 2209 1121 2263 auram.’
1236 2207 1239 2214 '

283 2301 393 2362 hocine
414 2321 494 2378 opus
513 2321 676 2362 summum
696 2322 785 2380 posse
805 2302 907 2379 perire
927 2303 1021 2362 rear?

242 2400 330 2476 atqui
350 2400 531 2478 prodierant
550 2399 695 2460 homines
716 2421 798 2461 nova
819 2400 919 2478 gloria
939 2420 1062 2460 rerum:

283 2498 379 2574 inque
401 2499 499 2559 oculis
519 2498 640 2559 caelum
660 2498 750 2576 signa
769 2499 904 2576 petentis
925 2502 1022 2560 erana

243 2595 297 2656 ille
317 2598 376 2658 sub
396 2597 545 2658 hibernos
564 2597 711 2659 volvebat
731 2598 871 2658 carmina
891 2618 1017 2659 caures:

285 2696 400 2755 struxit
421 2699 453 2756 et
473 2696 507 2755 in
526 2715 625 2756 vanas
647 2716 740 2756 aurea
760 2696 878 2773 templa
898 2717 1011 2773 preces.

243 2794 292 2853 illi
312 2814 431 2854 numen
451 2797 652 2872 Amor-pro
672 2795 776 2856 nescia
796 2795 1085 2872 pectora-visum:

284 2895 429 2971 metaque
449 2913 513 2970 quo
533 2914 639 2953 rerum
659 2894 801 2954 tenderet
821 2894 914 2968 orbis,
938 2895 1047 2954 Amor.

244 3011 296 3050 ore
318 2991 385 3051 fero
405 2990 527 3051 Natura
546 2991 626 3065 licet,
650 2991 723 3052 licei
742 3012 847 3070 ungue
868 2994 996 3052 cruento

285 3088 392 3148 omina
411 3089 585 3165 prodiderit
605 3089 793 3167 Tisiphonea
813 3089 871 3150 dei

245 3187 296 3247 hio
317 3191 423 3247 tamen
444 3207 539 3247 ausus
559 3208 670 3264 amare,
695 3188 761 3264 pati
781 3187 962 3248 discrimina
983 3188 1069 3262 dura,

284 3288 412 3346 strenua
431 3304 489 3361 pro
509 3288 616 3346 sancta
635 3285 717 3346 bella
736 3305 862 3346 movere
882 3285 951 3346 fide.

245 3386 307 3444 heu
328 3385 423 3446 modo
443 3384 545 3461 qualis
565 3383 621 3444 ubi
639 3385 714 3445 est?
741 3383 831 3445 siccis
852 3385 934 3462 rapit
955 3387 1060 3445 auster
1079 3385 1230 3445 harenis?

286 3482 553 3561 constrictumque
574 3482 664 3560 gravi
683 3501 776 3543 mons
797 3482 962 3544 adamante
982 3481 1124 3561 premii?

1099 3611 1124 3645 B.
1137 3609 1169 3644 W·
1184 3611 1208 3644 R.
