3070 4490
617 356 835 405 OXONIENSIS

706 536 746 578 GV

264 624 291 682 Ο
312 643 407 700 quam
428 623 531 684 forma
552 625 631 684 solet
651 624 821 685 formosior
841 624 897 684 illa
916 625 1019 686 videri

304 721 355 782 cui
376 723 469 782 decus
490 723 619 783 accessit
641 724 725 800 quod
745 723 833 784 dabit
853 743 917 783 una
937 723 1034 784 fides!

262 820 365 879 forma
385 839 473 881 rosae
493 820 625 896 pulchra
645 821 701 895 est,
725 823 758 881 at
777 821 939 897 pulchrior
959 841 1025 882 esse
1044 823 1175 898 putatur

304 936 380 980 aura
400 918 484 993 quod
505 917 540 976 in
560 917 664 978 medio
683 917 766 982 vivit
786 918 882 978 odora
903 918 984 979 sinu.

262 1015 411 1076 flosculus
431 1015 465 1075 in
485 1016 584 1092 pratis
604 1018 692 1076 tanto
713 1016 877 1092 splendore
897 1017 1033 1077 rubescit

304 1115 440 1190 quantus
462 1113 625 1174 odoriferis
645 1116 693 1174 est
714 1114 799 1174 color
819 1113 873 1174 ille
894 1115 994 1190 rosis3

262 1211 394 1289 pensilis
415 1211 449 1271 in
470 1211 560 1288 spina
579 1212 685 1289 simili,
709 1213 833 1273 lascivit
852 1215 889 1272 ut
909 1212 981 1273 illae

304 1330 376 1370 cum
397 1311 527 1388 zephyri
546 1311 674 1371 timidas
694 1311 780 1371 elicit
801 1331 877 1370 aura
897 1331 1011 1372 comas,

263 1408 325 1484 sed,
349 1408 466 1485 species
487 1411 621 1484 tantum,
645 1411 769 1486 spretus
790 1410 940 1486 floretque
962 1409 1114 1487 caditque,

303 1506 427 1583 labitur,
452 1510 485 1567 at
505 1527 599 1568 nemo
620 1507 730 1568 tollere
752 1510 841 1568 curat
861 1509 980 1582 humo;

263 1626 329 1665 non
348 1625 386 1665 ea
405 1606 443 1665 fit
462 1607 577 1666 natura
595 1606 683 1682 rosis,
709 1606 910 1666 dulcissimus
930 1625 1013 1666 unus

302 1704 442 1764 nascitur
462 1725 501 1764 ex
520 1704 585 1764 illis
605 1724 679 1765 cum
698 1705 879 1765 moriuntur
899 1705 984 1765 odor.

262 1802 306 1862 sic
327 1803 394 1879 tibi,
419 1802 508 1862 dulce
529 1805 630 1880 caput,
655 1804 731 1863 dum
751 1804 870 1863 formae
890 1803 990 1880 gloria
1009 1805 1136 1877 marcet,

303 1903 364 1961 stat
384 1901 458 1961 fidei
478 1902 569 1962 testis
589 1901 702 1979 pagina
722 1903 830 1961 nostra
850 1902 931 1962 tuae.

1089 2011 1149 2049 ΔΛ.
1163 2012 1188 2046 Β.

718 2184 771 2226 0v1

264 2281 429 2342 Desierant
448 2282 583 2342 imbres:
603 2283 690 2342 vates
710 2301 766 2358 per
786 2282 883 2340 strata
903 2279 1027 2340 viarum

303 2389 436 2450 excessit
454 2389 548 2448 urbe:
569 2388 683 2447 leniter
703 2407 779 2448 aura
798 2389 883 2464 tepet
902 2386 1033 2448 veniens

263 2495 373 2556 limine
393 2497 432 2558 ab
452 2495 526 2572 Eoo,
550 2515 606 2572 por
626 2496 767 2572 flavaque
788 2493 943 2554 messibus
964 2513 1039 2554 arva

301 2603 441 2663 undabat
460 2603 573 2663 umbra
592 2602 777 2679 multiplex:
797 2601 852 2661 ille
874 2601 942 2660 loco
962 2619 1061 2661 vacuo

261 2708 376 2768 assidet
395 2710 427 2768 et
448 2729 574 2769 carmen
594 2712 661 2769 tam
681 2708 771 2768 suavi
791 2727 866 2768 voce
885 2706 1056 2785 profundit,

302 2817 442 2875 moretur
461 2818 498 2875 ut
518 2834 634 2892 cycnus
654 2815 765 2875 volans
784 2813 934 2886 aemulus,
958 2813 1059 2890 adque
1079 2811 1173 2887 podes

263 2920 363 2981 dulcis
383 2921 493 2982 alauda
513 2922 620 2981 cadat:
641 2940 698 2980 nec
718 2920 783 2980 iam
804 2922 940 2980 sectatur
959 2918 1096 2979 hirundo

300 3045 373 3103 apes
392 3029 429 3086 ut
449 3029 540 3087 ante:
561 3027 620 3086 sub
641 3027 736 3086 rubos
756 3027 843 3103 lapsa
864 3026 991 3086 colubra
1010 3025 1100 3099 latet,

261 3137 292 3194 et
313 3134 418 3209 stupet
438 3133 584 3209 accipiter
602 3133 732 3208 praedae
752 3131 899 3210 lanugine
920 3134 1059 3192 rostrum

300 3239 450 3315 imbutus,
473 3239 652 3300 auscultans
672 3239 788 3298 melos:
809 3241 880 3298 tum
900 3238 1078 3299 Philomela
1098 3237 1178 3300 sibi:

259 3347 433 3424 permultos
454 3346 552 3406 cecini
573 3349 692 3419 cantus,
715 3365 827 3407 verum
848 3347 994 3406 omnibus
1014 3346 1074 3406 iste

299 3456 349 3514 est
368 3452 479 3513 laetior
498 3452 602 3514 modis
621 3453 718 3513 meis:
745 3452 935 3513 vaticinatur
955 3452 1042 3512 enim

260 3561 402 3635 tempora
421 3560 556 3620 labentis
577 3579 654 3637 quae
676 3559 741 3619 sint
760 3562 894 3620 ventura
913 3579 969 3636 per
989 3579 1096 3635 annos,

299 3665 351 3726 his
372 3667 464 3726 rebus
485 3665 599 3727 exactis
621 3666 717 3727 simul
737 3667 837 3727 saecla
857 3666 957 3728 fiuent
977 3665 1099 3727 mellus.

1084 3776 1111 3811 A.
1123 3776 1152 3812 H.
1165 3776 1187 3811 0.
