3070 4490
637 375 852 424 OXONIENSIS

290 989 374 1071 δέξαι
396 991 426 1071 μ’
449 988 472 1054 ὦ
495 990 656 1074 τριπόθητ’,
678 990 781 1073 ηὔχου,
804 986 885 1068 δέξαι
907 994 961 1054 τὸν
983 990 1104 1070 έρῶντα·

335 1145 465 1227 δέξομαι,
489 1145 651 1224 ἀντηύδων,
674 1145 747 1223 κάμὲ
768 1145 827 1226 γὰρ
850 1141 943 1228 ἔσχεν
965 1142 1049 1223 ἔρως.

293 1299 414 1382 ἄμπεχ’,
437 1299 526 1379 ἔφην,
548 1298 708 1382 χείρεσσιν
731 1296 803 1378 ἐμὸν
825 1295 927 1377 δέμος,
949 1294 1068 1378 δμπεχε
1089 1297 1213 1378 χαίρων·

334 1454 390 1517 ἶσα
411 1452 470 1537 γὰρ
493 1453 658 1536 ἀμφότεραι
681 1450 902 1531 συνδεδέμεσθα
924 1452 1018 1536 πόθῳ.

293 1611 406 1692 οὐγὰρ
429 1610 520 1692 ἐχρῆν
542 1605 637 1687 δεῖξαι
659 1613 712 1672 τδν
731 1607 803 1687 ἐμὸν
826 1607 945 1681 πόθον,·
977 1607 1012 1671 οὐ
1034 1609 1092 1689 γδρ
1115 1607 1237 1686 ἆληθῆ,·

336 1763 420 1829 πάντ’
444 1765 556 1831 έδίδιος·
587 1764 675 1842 κάμοὶ
697 1767 776 1845 δῶρα
797 1765 933 1844 προσῆκε
955 1766 1068 1843 πορεῖν.

292 1917 454 2001 χρήμασιν,
478 1915 598 2004 ἀγλαΐῃ,
622 1915 738 1994 κάλλει,
760 1915 877 1998 νεότητι
900 1916 1061 1996 κεκάσμην·

336 2076 446 2150 μοῦνος
467 2071 541 2152 ἔρως
564 2069 684 2136 πάντων
706 2069 790 2150 ἄξιος
812 2073 1000 2151 ἀντιλαβεῖν.

295 2233 380 2292 τοῦδε
402 2229 459 2309 γὰρ
481 2229 605 2308 ἵμειρον,
630 2225 678 2291 σοὶ
703 2227 826 2291 πᾶνδικα
848 2224 935 2292 πάντ’
957 2227 1129 2305 ἀποδοῦναι,

340 2382 391 2445 καί
409 2379 440 2443 σ’
462 2382 535 2444 δσοι
558 2380 695 2446 ποθέοντ’
716 2384 810 2449 αἴτιος
831 2381 908 2445 οὖσα
930 2382 1033 2446 πόθον.

297 2539 323 2600 εἰ
344 2537 377 2600 δὲ
400 2536 439 2600 σὺ
459 2540 511 2600 τοῦ
533 2542 649 2620 χρυσοῦ
671 2538 794 2619 φαύλην
816 2537 898 2602 κόνιν
921 2538 1004 2601 εἵλου
1026 2534 1169 2616 ἀμοιβήν,

340 2691 374 2755 οὐ
396 2688 519 2770 νέμεσις
541 2689 687 2775 παρέχειν
709 2689 759 2755 σοὶ
782 2691 845 2756 τάδ’
868 2690 1027 2776 ἐφιεμένῳ.

298 2845 351 2909 εἴθ’
376 2843 416 2908 ἔτ’
441 2844 515 2928 έριος
538 2845 576 2908 σὲ
600 2849 720 2928 κατεῖχε
743 2846 913 2928 διαμπερές,
936 2846 976 2912 ὥς
999 2870 1066 2910 τινα
1088 2843 1199 2928 τέχνην

340 2998 439 3080 ηὗρον,
462 2999 651 3067 ἀνελπίστως
671 2997 698 3063 τ’
720 2998 916 3065 ἆνταπέδωκα
938 2998 1036 3084 χάριν,

299 3154 337 3219 ὡς
358 3154 479 3234 μᾶλλόν
502 3152 532 3215 σ’
554 3153 680 3234 ἐφίλουν
703 3153 751 3218 καὶ
773 3157 893 3235 μᾶλλον
915 3153 955 3218 ἔτ’
979 3154 1051 3239 ἄχρι
1073 3157 1223 3233 τελευτῆς.

342 3306 476 3389 κδλεγες,
499 3305 518 3387 ἦ
539 3315 649 3373 ποσῶν
669 3306 716 3387 ἥδ’
737 3308 795 3390 δρα
815 3309 990 3386 πιστοτάτη.
