3072 4490
632 353 846 402 oxoalsusls

696 717 782 760 cuvn

280 831 312 889 It
333 829 432 890 tristis
453 829 520 889 sine
541 850 615 891 voce
637 830 723 891 viam
743 833 870 909 totaque
892 830 1049 908 repulsam

278 955 383 1013 mente
403 956 519 1015 movet
564 954 609 1014 sic
630 974 663 1015 se
683 954 814 1015 solitum
833 954 1027 1014 successibus
1047 954 1103 1027 uti,

280 1077 405 1138 vincere
425 1078 476 1138 cui
496 1098 631 1155 pronum
651 1098 781 1156 semper,
805 1079 868 1138 iam
889 1078 968 1138 fene
988 1078 1109 1155 puellae

280 1201 381 1278 iurgia
401 1201 601 1280 derisumque
622 1204 653 1261 et
674 1201 772 1279 spreti
791 1201 908 1262 vulnus
929 1201 1070 1262 amoris?

281 1325 505 1386 unanimemne
524 1328 556 1386 et
577 1326 632 1404 qui
652 1329 724 1386 ante
747 1346 855 1386 omnes
877 1326 937 1385 sibi
957 1325 1040 1384 fidus
1060 1324 1197 1384 amicum

281 1448 416 1508 illusisse
437 1449 541 1524 fidem,
565 1451 693 1526 pactum
714 1453 912 1510 contemnere
934 1449 1069 1510 foedus?

283 1573 398 1650 grande
419 1574 514 1649 nefas,
538 1593 595 1633 nec
614 1574 678 1634 iam
699 1574 849 1634 mediocri
868 1574 930 1633 bile
951 1572 1125 1633 ferendum.

283 1698 327 1757 sic
346 1697 393 1756 ira
413 1701 578 1774 spumante
599 1699 737 1758 fremens
757 1698 843 1758 iecur
863 1697 928 1758 ibat
948 1698 982 1757 in
1003 1696 1109 1757 armis.

282 1823 314 1880 et
334 1841 457 1882 secum:
488 1823 575 1883 ‘mea
596 1822 687 1898 culpa
707 1821 834 1899 quidem
854 1823 910 1898 est,
933 1821 1096 1882 vaecordia
1116 1820 1243 1899 quando

283 1947 391 2004 nostra
411 1945 480 2006 fuit.
526 1945 601 2023 quid
621 1945 708 2005 enim
728 1947 820 2005 vetus
840 1948 872 2005 et
891 1965 957 2005 non
978 1945 1079 2005 factus
1099 1943 1209 2019 amori,

283 2069 377 2145 inque
397 2068 546 2145 paludato
567 2067 677 2128 doctus
697 2087 858 2127 canescere
879 2070 976 2144 coetu,

283 2196 457 2251 castrorum
477 2190 577 2251 vitam
597 2193 690 2268 atque
711 2210 821 2250 omnes
841 2193 987 2268 expertus
1007 2189 1043 2250 in
1062 2210 1146 2264 usus,

284 2315 460 2393 virginibus
480 2314 597 2374 teneris
615 2333 667 2373 me
688 2314 812 2374 credere
832 2313 961 2374 tetricus
982 2313 1109 2374 ausim?

284 2459 396 2498 verum
417 2439 453 2496 ut
473 2438 540 2496 erat
560 2436 665 2496 somni
685 2436 752 2495 sine
773 2437 910 2512 pondere
931 2437 1036 2496 euntis
1056 2437 1169 2514 imago,

284 2563 328 2622 sic
349 2562 446 2636 abeat,
470 2560 515 2620 sic
536 2560 624 2620 cedat
645 2580 749 2620 amor:
772 2579 846 2620 nam
866 2533 1014 2620 flosculus
1035 2559 1112 2620 olim

285 2686 341 2763 qui
360 2685 430 2760 fuit,
453 2684 506 2744 hic
526 2684 610 2743 idem
630 2687 679 2744 est
698 2684 817 2744 abiecta
837 2684 931 2744 vilior
951 2684 1054 2759 herba,

286 2829 379 2886 cogor
398 2811 430 2869 et
449 2829 489 2868 ex
508 2808 615 2868 animo
634 2808 763 2868 vulsum
783 2807 939 2867 radicibus
958 2807 1032 2866 imis

285 2934 431 3010 proicere.
469 2932 544 2992 hinc
564 2953 621 3010 ego
642 2932 707 2991 iam
727 2934 869 3007 superest
889 2932 973 3009 quod
992 2930 1098 2991 vivere
1120 2930 1214 2990 Marti

286 3077 337 3117 me
357 3058 479 3132 dedere,
502 3056 616 3133 pugnis
636 3056 772 3131 flagrans
791 3057 824 3115 ct
844 3075 949 3115 amore
969 3053 1098 3131 pericli’

287 3181 332 3242 sic
351 3180 476 3239 tristem
496 3179 658 3239 fortunam
677 3177 792 3253 animo,
816 3178 861 3237 sic
882 3197 972 3252 saepe
993 3175 1151 3253 repulsam

287 3303 389 3365 volvit
408 3321 527 3377 amans,
551 3321 606 3362 seu
627 3302 695 3362 luce
715 3301 800 3361 viam
821 3302 915 3375 tenet,
939 3302 994 3360 aut
1014 3299 1070 3360 ubi
1089 3302 1185 3360 noctu

287 3427 429 3488 membra
448 3425 616 3486 reclinatus
637 3424 726 3485 silvis
746 3425 875 3484 arbusta
893 3423 1023 3484 notabat

289 3551 461 3629 suspiciens
481 3551 635 3628 longoque
657 3548 803 3609 abeuntia
822 3547 924 3608 sidera
946 3547 1041 3608 caele.

1157 3663 1181 3698 B.
1195 3663 1217 3696 Ι.
