3070 4490
631 374 847 424 OXONIENSIS

679 641 802 684 LXXXIV

330 730 441 794 Σκόπει
464 731 497 793 δὲ
520 731 569 794 καὶ
591 731 663 804 τόδ’,
688 731 790 815 ὦγάθ’·
821 734 854 796 έκ
878 732 993 815 θρόνων
1014 736 1066 812 ἐμὲ

328 839 428 898 δεινὸν
449 833 502 913 μέν
525 835 610 900 ἐστιν
633 837 773 900 ἐκπεσεῖν
795 837 939 913 ἀναίτιον,

327 942 362 1000 τὸ
385 935 411 1000 δ’
433 939 602 1002 ἐκπεσόντα
625 941 796 1033 Μορτιμῆρι
819 941 875 1019 τὴν
897 940 972 1021 έμῖην

327 1040 423 1124 ἀρχὴν
445 1047 590 1127 προεῖναι,
612 1042 702 1106 τοῦτό
723 1042 751 1124 γ’
775 1043 909 1126 ἀγχόνης
932 1045 1035 1110 πέλας.

329 1143 461 1208 τοιοῖσδέ
483 1171 530 1208 τοι
553 1151 605 1211 νΰν
628 1147 661 1210 έν
684 1151 785 1212 κακοῖς
807 1147 963 1230 ἀμηχανῶ·

328 1247 365 1311 τὰ
387 1245 413 1311 δ’
436 1249 467 1311 έκ
491 1253 568 1315 θεῶν
589 1250 740 1332 ταχθέντα
762 1255 808 1314 δεῖ
831 1250 969 1333 στέργειν
992 1251 1082 1330 ὅμως.

327 1351 367 1414 ἴθ’
390 1351 443 1415 οὖν
465 1351 567 1434 φέρων
588 1355 643 1430 μὲν
665 1354 822 1434 βασιλέως
844 1359 978 1437 χρυσοῦν
999 1355 1098 1437 γέρας,

330 1455 430 1535 φέρων
453 1457 486 1519 δὲ
507 1457 616 1536 βίοτον
638 1462 724 1520 τοῦδε
747 1457 997 1535 σννθανονμένον.

331 1557 401 1621 ἀλλ’
424 1560 458 1624 οὐ
481 1561 537 1642 γάρ
561 1561 646 1626 ἔστιν
669 1563 702 1625 έν
724 1562 815 1626 πόλει
836 1563 891 1645 μιᾷ
914 1566 995 1625 δυοῖν

329 1663 442 1745 ἄρχειν,
464 1663 579 1744 κλύοιμ’
603 1663 641 1729 ἀν
662 1663 766 1748 μέχρις
789 1665 936 1746 εὐφρόνης
958 1663 1037 1744 ἄναξ

331 1765 370 1833 ὡς
393 1769 599 1850 καλλιφεγγὲς
622 1769 725 1832 εἰσίδω
749 1769 881 1850 στέφους
904 1770 1008 1835 σέλας.

330 1871 405 1934 οὕτω
427 1871 484 1953 γάρ
508 1872 716 1953 ὀφθαλμοῖσιν
737 1871 873 1950 ὑστάτην
892 1873 982 1956 χάριν

330 1973 413 2054 ἔχειν
434 1975 593 2056 παρέσται,
616 1972 665 2038 καὶ
688 1973 763 2059 κάρη
785 1975 820 2039 τδ
842 1977 993 2054 λοίσθιον,

328 2077 411 2140 όσων
434 2078 579 2157 προσήκει
602 2077 739 2163 κοιράνιρ,
761 2077 852 2160 γέρας
873 2085 993 2159 λαβεῖν,

329 2181 444 2259 ἀμφοῖν
466 2181 490 2247 δ’
515 2180 564 2261 ἀμ’
586 2184 688 2246 αὐτοῖν
711 2183 841 2246 εἰκαθεῖν
864 2189 924 2246 τῶν
947 2181 1112 2262 φιλτάτων.

329 2281 352 2345 ἀ
375 2284 478 2363 λάμπε
501 2287 617 2366 Φοίβου
639 2291 703 2350 δῖον
725 2288 847 2353 αῖανοΰς
871 2285 975 2364 σέλας,

329 2393 434 2455 νυκτὸς
456 2392 598 2476 σκοτεινῷ
620 2388 728 2470 μήποτ’
753 2390 878 2472 έκχόρει
902 2389 996 2475 ζόφῳ·

330 2490 462 2574 φροόρας
484 2518 517 2556 τε
540 2492 687 2558 κυκλάδας
709 2495 801 2570 τῆσδε
823 2496 878 2575 γῆς
902 2490 1060 2558 ἀπεννέπω

329 2596 406 2676 ὥρας
429 2622 462 2660 τε
484 2596 585 2663 πάσας
606 2595 706 2677 μηκέτ’
729 2596 880 2680 ἐκτρέχειν
902 2599 1039 2678 δρόμους,

330 2697 369 2764 ὦς
392 2699 429 2764 ἀν
452 2706 589 2780 καλῶμαι
613 2704 706 2780 τῆσδε
728 2703 782 2782 γῆς
805 2699 884 2780 ἀναξ
904 2702 957 2765 έτι.

331 2803 419 2882 οίμοι,
441 2806 472 2866 τί
493 2809 584 2867 ταῦτα
607 2805 687 2886 φημί
698 2830 709 2879 ;
741 2813 804 2871 πῶς
826 2807 883 2888 γάρ
906 2805 940 2868 οὐ
961 2804 1039 2886 τάχα

331 2911 364 2969 τὸ
386 2908 582 2971 λευκόπωλον
604 2907 681 2989 ἦμαρ
705 2907 903 2989 έξαφίσταται
915 2932 926 2982 ,·

331 3014 394 3075 πῶς
416 3009 441 3074 δ’
464 3010 515 3073 οὐκ
539 3009 651 3092 ἀνάγκη
675 3013 768 3076 τῶνδέ
789 3009 818 3088 μ’
842 3011 985 3087 έκστῆναι
1009 3009 1144 3088 θρόνων;

331 3109 354 3175 ἀ)
378 3116 467 3194 θηρὸς
490 3113 570 3192 ὠμοῦ
594 3111 744 3193 θρέμματ’,
768 3112 820 3176 οὐκ
844 3113 959 3195 ἀνδρῶν
982 3112 1048 3193 ἀρα,

331 3217 472 3294 σκύμνοις
493 3216 617 3294 λεαίνης
639 3214 805 3297 σύντροφοι
827 3214 1021 3298 θηλαστρίας,

330 3321 362 3384 τί
382 3317 445 3397 δῆτ’
468 3319 592 3385 άνακτος
615 3318 786 3397 ἀνατροπὴν
808 3319 940 3382 ἀναιτίαν

333 3426 530 3504 καραδοκεῖτε,
552 3421 689 3501 σκῆπτρά
711 3419 737 3482 τ’
760 3419 1002 3501 ἀποθανουμένου
1014 3446 1025 3496 ‚·

332 3523 380 3590 καὶ
402 3527 461 3608 μὴν
484 3524 598 3607 στέφος
622 3521 684 3588 τόδ’
706 3524 790 3592 αὖθις
812 3523 950 3604 ε’νστήσω
973 3525 1056 3611 κάρη.

1104 3643 1125 3677 s.
1138 3642 1164 3677 κ.
1176 3641 1210 3679 τι.
