3072 4490
631 335 850 412 1111111111

688 1057 783 1098 CLXVI

730 1153 802 1213 Non
823 1152 904 1213 silva
924 1152 1061 1228 cadebat,

281 1269 347 1309 non
367 1249 469 1310 solida
490 1251 609 1310 excisae
628 1250 798 1311 veniebant
818 1271 894 1327 rupe
914 1250 1079 1310 columnae

282 1348 313 1406 te
334 1348 485 1409 condente
507 1349 656 1424 domum;
681 1349 799 1410 vitreas
819 1369 955 1426 namque
976 1348 1061 1408 eruis
1081 1346 1181 1407 undas

282 1447 465 1524 caerulaque
485 1468 524 1508 ex
545 1447 612 1524 ipso
632 1447 725 1525 ponis
745 1448 930 1508 fundamina
950 1449 1055 1524 ponto.

282 1545 340 1604 tali
361 1545 552 1621 crediderim,
577 1549 712 1605 matrem
733 1566 806 1606 cum
827 1549 989 1623 quaereret
1010 1545 1094 1620 olim,

283 1643 408 1703 amissis
428 1646 586 1721 pastorem
608 1643 719 1720 apibus
738 1644 854 1704 vidisse
876 1645 1036 1704 sedentem

282 1741 424 1818 Cyrenen
446 1743 534 1803 aula:
562 1743 658 1803 talem
679 1742 806 1802 finxisse
828 1745 937 1818 poetae

283 1857 386 1898 arcem
407 1839 580 1898 debuerant
600 1838 707 1915 hiemi,
733 1859 795 1916 qua
815 1838 878 1898 tela
898 1838 1033 1898 laterent

282 1935 465 1996 nimborum
485 1936 671 2014 agminibus,
696 1937 863 1997 stridentes
883 1936 984 1995 imbre
1006 1935 1145 2013 sagittae,

283 2033 475 2111 infestaeque
496 2035 597 2110 nives,
618 2038 650 2095 et
670 2035 799 2095 floribus
820 2055 928 2112 aspera
949 2035 1075 2112 grando.

283 2135 447 2192 creverunt
467 2133 585 2208 tacitae,
609 2134 710 2194 veluti
731 2154 809 2211 quas
829 2133 980 2210 fingimus
1001 2134 1091 2193 aedes

283 2249 409 2306 surgere
430 2250 485 2306 per
505 2251 652 2307 somn0s;
682 2251 748 2291 non
768 2250 878 2291 raucae
899 2230 1017 2290 lamina
1038 2250 1147 2305 serrae,

283 2347 349 2386 non
369 2328 489 2387 sermm
511 2329 617 2389 sonuit
636 2330 737 2405 fe1r03
764 2349 840 2388 nam
861 2329 1004 2406 partibus
1026 2328 1106 2404 aptis

283 2427 394 2501 sponte
416 2446 473 2484 sua
493 2427 624 2503 glaciem
645 2427 758 2504 glacies
779 2429 939 2504 compacta
959 2426 1081 2512 recepit,

285 2527 379 2600 atque
400 2523 553 2584 interfusa
574 2525 683 2585 didicit
704 2527 874 2586 coalescere
895 2525 1035 2603 lympha

283 2623 442 2699 pellebant
462 2623 549 2683 varia
569 2627 693 2683 noctem
714 2624 780 2684 face
800 2624 960 2701 lampades
981 2626 1072 2683 antro

285 2721 461 2797 dispositae,
485 2742 618 2798 quarum
640 2723 749 2782 lumen
770 2722 928 2782 sublustre
949 2739 1088 2781 recessus

284 2819 413 2879 mollius
433 2820 467 2877 in
488 2819 607 2880 vitreos
627 2822 780 2896 penetrat,
803 2821 893 2880 velut
914 2820 1012 2879 altera
1033 2837 1165 2895 surgens

284 2918 379 2977 ferret
399 2918 476 2976 luna
496 2917 594 2991 iubar,
617 2918 669 2978 vel
690 2919 774 2978 caelo
795 2919 886 2978 stella
907 2937 1015 2977 sereno

285 3015 435 3076 innocuas
456 3015 594 3095 traheret
614 3016 761 3075 delabens
782 3016 905 3074 aethere
926 3016 1077 3075 flammas

1140 3142 1164 3177 E.
1176 3142 1198 3177 G.
1211 3141 1243 3176 W·
