3094 4494
642 406 857 456 OXONIENSIS

708 898 788 940 XXIV

248 1009 428 1070 coadesse
451 1010 571 1071 Phoebi
592 1011 901 1072 neocaesaraea
920 1015 1033 1090 vatem,
1146 973 1165 1071 1

246 1128 303 1167 nec
323 1108 463 1196 numeris
483 1109 607 1185 pollens
626 1113 809 1188 acceptaque
829 1111 901 1188 vita
917 1111 1087 1173 Camenis?
1165 1082 1178 1168 l

245 1207 315 1280 heu,
339 1209 450 1282 vatum
470 1208 646 1294 extremum
667 1228 812 1285 supremo
832 1209 984 1286 imponite
1005 1210 1094 1270 lecto.

245 1305 353 1381 patria,
376 1325 439 1365 vox
451 1289 551 1366 'siluit'
568 1304 626 1367 tibi
647 1291 792 1369 1116111116
838 1309 921 1368 culta
941 1308 1062 1368 colebas

246 1402 348 1460 mater
367 1420 471 1461 amere
492 1401 544 1478 pic
564 1405 684 1462 natum.
729 1401 793 1463 iam
812 1406 845 1463 te
865 1385 966 1480 neque
987 1403 1086 1463 saltus

245 1498 353 1575 nativi,
377 1518 487 1559 somno
508 1519 564 1560 nec
585 1501 712 1561 mollior
731 1501 836 1577 herba,
860 1501 995 1562 marisve

245 1569 565 1674 implacidffi'litus;
593 1619 658 1658 non
678 1599 808 1660 floribus
828 1601 939 1660 hortus
959 1599 1071 1670 odoris,

245 1714 309 1754 non
329 1695 396 1755 fetu
416 1697 568 1756 tremulos
589 1717 722 1772 curvans
741 1697 902 1759 vindemia
921 1717 1033 1773 ramos,
1079 1711 1082 1780 ζ

246 1813 310 1853 nen
329 1797 462 1870 veteres,
484 1795 592 1855 Fauno
613 1795 726 1856 dilecta
746 1796 867 1873 cubilia,
892 1797 989 1857 silvae

245 1893 410 1952 ostendent
430 1893 547 1954 iterum
567 1893 674 1954 doctae
694 1895 828 1971 vestigia
847 1894 980 1972 plantae.

245 1992 337 2066 rupta
358 1991 420 2052 levi
441 1991 497 2052 leti
516 1994 603 2052 tactu
623 1992 700 2069 lyra.
746 1993 892 2053 carminis
914 1995 1021 2053 auctor

246 2089 364 2148 aeterni
383 2090 476 2166 periit
496 2111 552 2150 nec
573 2091 633 2150 erit
654 2091 837 2152 revocabilis
857 2111 1005 2169 unquam.

285 2187 411 2264 iamque
431 2188 486 2249 ubi
507 2208 540 2248 se
560 2192 680 2250 maesta
700 2191 839 2250 cendunt
859 2189 1016 2267 ferrugine
1037 2190 1130 2266 luces,

245 2285 348 2344 debita
369 2286 446 2345 dum
467 2286 540 2346 fatis
560 2287 676 2365 refugit
695 2289 784 2348 frons
805 2288 891 2348 arida
912 2307 1027 2359 casum,

244 2385 386 2460 sertaque
406 2383 582 2445 deformant
602 2388 719 2446 terram
739 2386 864 2462 delapsa
883 2385 1009 2462 vietam,

245 2481 342 2558 fitque
359 2482 417 2541 sali
433 2483 537 2560 fragor
553 2485 585 2544 et
602 2504 768 2545 nemorum
788 2488 821 2544 et
841 2484 908 2545 loca
925 2487 1036 2544 cuncta
1055 2488 1246 2562 pererrat,—

244 2580 320 2639 haec
342 2601 435 2657 super
455 2582 562 2642 orbata
583 2583 747 2644 crebrescit
767 2604 914 2643 murmur
932 2584 971 2644 ab
993 2585 1077 2659 urbe,

244 2679 442 2758 absentisque
464 2681 553 2741 dolor
571 2681 675 2742 luctus
695 2682 842 2743 incendit.
884 2685 917 2743 at
937 2683 985 2742 illi

244 2797 301 2837 nec
321 2778 445 2856 lapsum
466 2780 580 2841 metuit
600 2801 658 2840 nec
678 2781 738 2841 scit
758 2782 956 2859 languescere
977 2782 1092 2842 laurus.

243 2877 302 2935 hos
321 2876 375 2936 ille
396 2878 497 2938 evasit
515 2878 609 2954 solea,
629 2879 680 2939 his
700 2879 802 2940 sidera
821 2881 925 2939 mutat

244 2974 407 3035 imbribus
451 2977 595 3036 autumni
616 2997 675 3037 nos
695 2978 861 3037 flammeus
881 2975 992 3036 asserit
1013 2977 1111 3054 ardor,

243 3073 294 3132 fax
314 3073 418 3133 brevis
439 3074 583 3134 autumni
594 3097 602 3150 ;
624 3095 682 3135 nec
702 3074 835 3152 longum
855 3077 987 3152 tempus,
1011 3078 1044 3136 61
1062 3075 1184 3137 instant

244 3191 308 3230 non
328 3155 470 3232 exoratae
491 3171 647 3232 taciturna
668 3172 793 3232 silentia
813 3173 950 3234 brumae.

243 3289 299 3329 ver
317 3269 411 3330 illum
431 3268 594 3329 assiduum
613 3272 645 3330 61
665 3269 754 3329 nulle
773 3269 929 3332 violabilis
950 3292 1026 3332 aevo

243 3367 327 3428 fama
347 3367 442 3429 habet
461 3369 494 3428 61
513 3365 605 3428 sertis
627 3370 720 3446 caput
740 3367 972 3431 immortalibus
993 3375 1091 3434 emat

1104 3483 1128 3519 F.
1140 3484 1175 3518 m:
1186 3485 1209 3520 Ρ.
