<?xml version="1.0" encoding="UTF-8"?>
<!DOCTYPE html PUBLIC "-//W3C//DTD XHTML 1.0 Transitional//EN"
    "http://www.w3.org/TR/xhtml1/DTD/xhtml1-transitional.dtd">
<html xmlns="http://www.w3.org/1999/xhtml" xml:lang="en" lang="en">
 <head>
  <title>
</title>
<meta http-equiv="Content-Type" content="text/html;charset=utf-8" />
  <meta name='ocr-system' content='tesseract 3.04.00' />
  <meta name='ocr-capabilities' content='ocr_page ocr_carea ocr_par ocr_line ocrx_word'/>
</head>
<body>
  <div class='ocr_page' id='page_1' title='image "./novaanthologiao00godlgoog/novaanthologiao00godlgoog_0095.png"; bbox 0 0 3094 4494; ppageno 0'>
   <div class='ocr_carea' id='block_1_1' title="bbox 628 389 842 437">
    <p class='ocr_par' dir='ltr' id='par_1_1' title="bbox 628 389 842 437">
     <span class='ocr_line' id='line_1_1' title="bbox 628 389 842 437; baseline -0.005 0"><span class='ocrx_word' id='word_1_1' title='bbox 628 389 842 437; x_wconf 83' lang='lat' dir='ltr'>OXONIENSIS</span> 
     </span>
    </p>
   </div>
   <div class='ocr_carea' id='block_1_2' title="bbox 693 823 768 865">
    <p class='ocr_par' dir='ltr' id='par_1_2' title="bbox 693 823 768 865">
     <span class='ocr_line' id='line_1_2' title="bbox 693 823 768 865; baseline 0.027 -2"><span class='ocrx_word' id='word_1_2' title='bbox 693 823 768 865; x_wconf 84' lang='lat' dir='ltr'>XLVI</span> 
     </span>
    </p>
   </div>
   <div class='ocr_carea' id='block_1_3' title="bbox 356 925 1153 3393">
    <p class='ocr_par' dir='ltr' id='par_1_3' title="bbox 356 925 1080 1324">
     <span class='ocr_line' id='line_1_3' title="bbox 364 925 1066 1009; baseline -0.009 -15"><span class='ocrx_word' id='word_1_3' title='bbox 364 931 467 995; x_wconf 80' lang='grc' dir='ltr'>Πόθος</span> <span class='ocrx_word' id='word_1_4' title='bbox 489 926 515 992; x_wconf 79' lang='grc' dir='ltr'>δ’</span> <span class='ocrx_word' id='word_1_5' title='bbox 539 929 644 993; x_wconf 83' lang='grc' dir='ltr'>ἔπειτα</span> <span class='ocrx_word' id='word_1_6' title='bbox 666 929 712 994; x_wconf 84' lang='grc' dir='ltr'>δὶς</span> <span class='ocrx_word' id='word_1_7' title='bbox 729 928 820 994; x_wconf 83' lang='grc' dir='ltr'>τόσος</span> <span class='ocrx_word' id='word_1_8' title='bbox 842 925 872 1007; x_wconf 84' lang='grc' dir='ltr'>μ’</span> <span class='ocrx_word' id='word_1_9' title='bbox 894 926 1066 1009; x_wconf 79' lang='grc' dir='ltr'>ὑπέρχεται,</span> 
     </span>
     <span class='ocr_line' id='line_1_4' title="bbox 356 1029 1080 1116; baseline -0.001 -21"><span class='ocrx_word' id='word_1_10' title='bbox 356 1034 497 1099; x_wconf 76' lang='grc' dir='ltr'>λυθέντος</span> <span class='ocrx_word' id='word_1_11' title='bbox 520 1033 640 1116; x_wconf 80' lang='grc' dir='ltr'>ἔχθους·</span> <span class='ocrx_word' id='word_1_12' title='bbox 674 1029 749 1116; x_wconf 75' lang='grc' dir='ltr'>κᾷτα</span> <span class='ocrx_word' id='word_1_13' title='bbox 770 1037 830 1096; x_wconf 83' lang='grc' dir='ltr'>τῶν</span> <span class='ocrx_word' id='word_1_14' title='bbox 852 1029 946 1113; x_wconf 87' lang='grc' dir='ltr'>πάρος</span> <span class='ocrx_word' id='word_1_15' title='bbox 970 1032 1080 1110; x_wconf 82' lang='grc' dir='ltr'>φόβων</span> 
     </span>
     <span class='ocr_line' id='line_1_5' title="bbox 363 1132 1038 1219; baseline -0.009 -18"><span class='ocrx_word' id='word_1_16' title='bbox 363 1138 580 1219; x_wconf 83' lang='grc' dir='ltr'>ἀπαλλαγεῖσα</span> <span class='ocrx_word' id='word_1_17' title='bbox 602 1141 677 1200; x_wconf 76' lang='grc' dir='ltr'>κατὰ</span> <span class='ocrx_word' id='word_1_18' title='bbox 698 1136 822 1218; x_wconf 85' lang='grc' dir='ltr'>βάθρων</span> <span class='ocrx_word' id='word_1_19' title='bbox 846 1132 1038 1216; x_wconf 82' lang='grc' dir='ltr'>ὧρμησάμηυ,</span> 
     </span>
     <span class='ocr_line' id='line_1_6' title="bbox 362 1239 1022 1324; baseline -0.003 -21"><span class='ocrx_word' id='word_1_20' title='bbox 362 1241 459 1324; x_wconf 86' lang='grc' dir='ltr'>χαμαί</span> <span class='ocrx_word' id='word_1_21' title='bbox 479 1265 512 1305; x_wconf 89' lang='grc' dir='ltr'>τε</span> <span class='ocrx_word' id='word_1_22' title='bbox 532 1239 667 1324; x_wconf 82' lang='grc' dir='ltr'>ῥιφθεῖσ’</span> <span class='ocrx_word' id='word_1_23' title='bbox 689 1240 910 1321; x_wconf 75' lang='grc' dir='ltr'>αἱματοσταγὲς</span> <span class='ocrx_word' id='word_1_24' title='bbox 932 1239 1022 1318; x_wconf 90' lang='grc' dir='ltr'>δέμας</span> 
     </span>
    </p>

    <p class='ocr_par' dir='ltr' id='par_1_4' title="bbox 362 1342 1153 1842">
     <span class='ocr_line' id='line_1_7' title="bbox 363 1342 999 1427; baseline -0.003 -19"><span class='ocrx_word' id='word_1_25' title='bbox 363 1348 395 1408; x_wconf 82' lang='grc' dir='ltr'>έν</span> <span class='ocrx_word' id='word_1_26' title='bbox 419 1343 566 1427; x_wconf 81' lang='grc' dir='ltr'>ἀγκάλαις</span> <span class='ocrx_word' id='word_1_27' title='bbox 588 1343 690 1422; x_wconf 88' lang='grc' dir='ltr'>έθηκα,</span> <span class='ocrx_word' id='word_1_28' title='bbox 714 1345 770 1407; x_wconf 78' lang='grc' dir='ltr'>κάκ</span> <span class='ocrx_word' id='word_1_29' title='bbox 791 1346 901 1427; x_wconf 90' lang='grc' dir='ltr'>χθονδς</span> <span class='ocrx_word' id='word_1_30' title='bbox 924 1342 999 1423; x_wconf 90' lang='grc' dir='ltr'>κάρα</span> 
     </span>
     <span class='ocr_line' id='line_1_8' title="bbox 363 1447 974 1531; baseline -0.005 -18"><span class='ocrx_word' id='word_1_31' title='bbox 363 1450 467 1530; x_wconf 81' lang='grc' dir='ltr'>έπῆρα,</span> <span class='ocrx_word' id='word_1_32' title='bbox 490 1449 578 1531; x_wconf 85' lang='grc' dir='ltr'>χείλη</span> <span class='ocrx_word' id='word_1_33' title='bbox 602 1447 823 1530; x_wconf 85' lang='grc' dir='ltr'>προσφέρουσα</span> <span class='ocrx_word' id='word_1_34' title='bbox 843 1449 974 1530; x_wconf 77' lang='grc' dir='ltr'>χείλεσι,</span> 
     </span>
     <span class='ocr_line' id='line_1_9' title="bbox 362 1547 1153 1640; baseline -0.005 -24"><span class='ocrx_word' id='word_1_35' title='bbox 362 1549 520 1640; x_wconf 84' lang='grc' dir='ltr'>θνῄσκοντι</span> <span class='ocrx_word' id='word_1_36' title='bbox 543 1551 569 1616; x_wconf 81' lang='grc' dir='ltr'>δ’</span> <span class='ocrx_word' id='word_1_37' title='bbox 591 1551 679 1616; x_wconf 82' lang='grc' dir='ltr'>εἶπον</span> <span class='ocrx_word' id='word_1_38' title='bbox 701 1550 790 1616; x_wconf 90' lang='grc' dir='ltr'>πάνθ’</span> <span class='ocrx_word' id='word_1_39' title='bbox 814 1548 862 1615; x_wconf 83' lang='grc' dir='ltr'>όσ’</span> <span class='ocrx_word' id='word_1_40' title='bbox 885 1553 1044 1633; x_wconf 79' lang='grc' dir='ltr'>εἴργασμαι</span> <span class='ocrx_word' id='word_1_41' title='bbox 1068 1547 1153 1612; x_wconf 88' lang='grc' dir='ltr'>κακά.</span> 
     </span>
     <span class='ocr_line' id='line_1_10' title="bbox 363 1653 1110 1737; baseline -0.004 -18"><span class='ocrx_word' id='word_1_42' title='bbox 363 1657 379 1719; x_wconf 85' lang='grc' dir='ltr'>ὁ</span> <span class='ocrx_word' id='word_1_43' title='bbox 402 1653 428 1720; x_wconf 86' lang='grc' dir='ltr'>δ’</span> <span class='ocrx_word' id='word_1_44' title='bbox 451 1655 488 1720; x_wconf 78' lang='grc' dir='ltr'>αὖ</span> <span class='ocrx_word' id='word_1_45' title='bbox 508 1682 547 1737; x_wconf 91' lang='grc' dir='ltr'>με</span> <span class='ocrx_word' id='word_1_46' title='bbox 569 1660 668 1720; x_wconf 81' lang='grc' dir='ltr'>δεινὸν</span> <span class='ocrx_word' id='word_1_47' title='bbox 690 1653 892 1737; x_wconf 80' lang='grc' dir='ltr'>προσβλέπει,</span> <span class='ocrx_word' id='word_1_48' title='bbox 915 1653 1028 1718; x_wconf 82' lang='grc' dir='ltr'>κᾶπειτ’</span> <span class='ocrx_word' id='word_1_49' title='bbox 1052 1653 1110 1736; x_wconf 76' lang='grc' dir='ltr'>έγῖυ</span> 
     </span>
     <span class='ocr_line' id='line_1_11' title="bbox 362 1756 1003 1842; baseline -0.003 -19"><span class='ocrx_word' id='word_1_50' title='bbox 362 1759 472 1841; x_wconf 81' lang='grc' dir='ltr'>ἔμαθον</span> <span class='ocrx_word' id='word_1_51' title='bbox 495 1765 568 1840; x_wconf 88' lang='grc' dir='ltr'>πρδς</span> <span class='ocrx_word' id='word_1_52' title='bbox 590 1760 657 1826; x_wconf 82' lang='grc' dir='ltr'>οἵας</span> <span class='ocrx_word' id='word_1_53' title='bbox 679 1761 836 1842; x_wconf 72' lang='grc' dir='ltr'>συμφορὰς</span> <span class='ocrx_word' id='word_1_54' title='bbox 860 1756 1003 1837; x_wconf 78' lang='grc' dir='ltr'>ἐλήλυθα.</span> 
     </span>
    </p>

    <p class='ocr_par' dir='ltr' id='par_1_5' title="bbox 361 1861 1082 2355">
     <span class='ocr_line' id='line_1_12' title="bbox 362 1861 1044 1946; baseline -0.001 -21"><span class='ocrx_word' id='word_1_55' title='bbox 362 1863 378 1925; x_wconf 85' lang='grc' dir='ltr'>ὁ</span> <span class='ocrx_word' id='word_1_56' title='bbox 402 1864 428 1928; x_wconf 87' lang='grc' dir='ltr'>δ’</span> <span class='ocrx_word' id='word_1_57' title='bbox 450 1864 490 1930; x_wconf 83' lang='grc' dir='ltr'>ὧς</span> <span class='ocrx_word' id='word_1_58' title='bbox 513 1864 613 1944; x_wconf 78' lang='grc' dir='ltr'>ἀφῆκε</span> <span class='ocrx_word' id='word_1_59' title='bbox 634 1867 753 1943; x_wconf 83' lang='grc' dir='ltr'>πνεῦμα</span> <span class='ocrx_word' id='word_1_60' title='bbox 774 1861 952 1946; x_wconf 82' lang='grc' dir='ltr'>τοῦσχατον,</span> <span class='ocrx_word' id='word_1_61' title='bbox 975 1861 1044 1926; x_wconf 89' lang='grc' dir='ltr'>τότε</span> 
     </span>
     <span class='ocr_line' id='line_1_13' title="bbox 362 1963 1068 2048; baseline -0.004 -17"><span class='ocrx_word' id='word_1_62' title='bbox 362 1966 490 2033; x_wconf 86' lang='grc' dir='ltr'>πένθους</span> <span class='ocrx_word' id='word_1_63' title='bbox 512 1992 546 2032; x_wconf 90' lang='grc' dir='ltr'>τε</span> <span class='ocrx_word' id='word_1_64' title='bbox 566 1965 679 2048; x_wconf 83' lang='grc' dir='ltr'>βέλεσι</span> <span class='ocrx_word' id='word_1_65' title='bbox 701 1963 750 2029; x_wconf 83' lang='grc' dir='ltr'>καὶ</span> <span class='ocrx_word' id='word_1_66' title='bbox 773 1965 867 2029; x_wconf 88' lang='grc' dir='ltr'>πόθου</span> <span class='ocrx_word' id='word_1_67' title='bbox 891 1963 1068 2045; x_wconf 88' lang='grc' dir='ltr'>κεντουμένη</span> 
     </span>
     <span class='ocr_line' id='line_1_14' title="bbox 361 2067 969 2156; baseline -0.007 -22"><span class='ocrx_word' id='word_1_68' title='bbox 361 2072 394 2134; x_wconf 79' lang='grc' dir='ltr'>έκ</span> <span class='ocrx_word' id='word_1_69' title='bbox 417 2075 473 2156; x_wconf 81' lang='grc' dir='ltr'>γῆς</span> <span class='ocrx_word' id='word_1_70' title='bbox 494 2068 611 2153; x_wconf 82' lang='grc' dir='ltr'>Ἐρινὺς</span> <span class='ocrx_word' id='word_1_71' title='bbox 634 2071 674 2137; x_wconf 82' lang='grc' dir='ltr'>ὥς</span> <span class='ocrx_word' id='word_1_72' title='bbox 695 2095 741 2138; x_wconf 90' lang='grc' dir='ltr'>τις</span> <span class='ocrx_word' id='word_1_73' title='bbox 764 2067 969 2149; x_wconf 79' lang='grc' dir='ltr'>ἐξανίσταμαι,</span> 
     </span>
     <span class='ocr_line' id='line_1_15' title="bbox 361 2170 1082 2257; baseline -0.004 -19"><span class='ocrx_word' id='word_1_74' title='bbox 361 2173 481 2257; x_wconf 87' lang='grc' dir='ltr'>γέροντι</span> <span class='ocrx_word' id='word_1_75' title='bbox 503 2173 539 2257; x_wconf 86' lang='grc' dir='ltr'>δ’,</span> <span class='ocrx_word' id='word_1_76' title='bbox 564 2175 660 2256; x_wconf 86' lang='grc' dir='ltr'>ὅσπερ</span> <span class='ocrx_word' id='word_1_77' title='bbox 682 2173 847 2256; x_wconf 79' lang='grc' dir='ltr'>γονυπετῖης</span> <span class='ocrx_word' id='word_1_78' title='bbox 870 2177 966 2236; x_wconf 88' lang='grc' dir='ltr'>κεῖται</span> <span class='ocrx_word' id='word_1_79' title='bbox 989 2170 1082 2256; x_wconf 81' lang='grc' dir='ltr'>πέδιρ,</span> 
     </span>
     <span class='ocr_line' id='line_1_16' title="bbox 362 2275 1001 2355; baseline -0.002 -13"><span class='ocrx_word' id='word_1_80' title='bbox 362 2279 467 2346; x_wconf 80' lang='grc' dir='ltr'>ἀστοῖς</span> <span class='ocrx_word' id='word_1_81' title='bbox 488 2305 522 2344; x_wconf 87' lang='grc' dir='ltr'>τε</span> <span class='ocrx_word' id='word_1_82' title='bbox 545 2282 623 2342; x_wconf 78' lang='grc' dir='ltr'>πᾶσι</span> <span class='ocrx_word' id='word_1_83' title='bbox 644 2275 739 2342; x_wconf 88' lang='grc' dir='ltr'>τοιάδ’</span> <span class='ocrx_word' id='word_1_84' title='bbox 761 2275 880 2355; x_wconf 76' lang='grc' dir='ltr'>ἐξεῖπον</span> <span class='ocrx_word' id='word_1_85' title='bbox 901 2275 1001 2355; x_wconf 88' lang='grc' dir='ltr'>μόλις·</span> 
     </span>
    </p>

    <p class='ocr_par' dir='ltr' id='par_1_6' title="bbox 360 2377 1128 2985">
     <span class='ocr_line' id='line_1_17' title="bbox 362 2377 1094 2463; baseline -0.007 -17"><span class='ocrx_word' id='word_1_86' title='bbox 362 2379 386 2446; x_wconf 83' lang='grc' dir='ltr'>ὦ</span> <span class='ocrx_word' id='word_1_87' title='bbox 408 2388 496 2463; x_wconf 81' lang='grc' dir='ltr'>μῶρε,</span> <span class='ocrx_word' id='word_1_88' title='bbox 518 2381 596 2445; x_wconf 82' lang='grc' dir='ltr'>τοῦτ’</span> <span class='ocrx_word' id='word_1_89' title='bbox 618 2381 689 2461; x_wconf 79' lang='grc' dir='ltr'>ἴσθ’,</span> <span class='ocrx_word' id='word_1_90' title='bbox 713 2380 753 2446; x_wconf 83' lang='grc' dir='ltr'>ὦς</span> <span class='ocrx_word' id='word_1_91' title='bbox 775 2379 881 2443; x_wconf 84' lang='grc' dir='ltr'>τέκνου</span> <span class='ocrx_word' id='word_1_92' title='bbox 903 2377 1012 2459; x_wconf 84' lang='grc' dir='ltr'>πέφυκ’</span> <span class='ocrx_word' id='word_1_93' title='bbox 1035 2379 1094 2460; x_wconf 70' lang='grc' dir='ltr'>ἐγὼ</span> 
     </span>
     <span class='ocr_line' id='line_1_18' title="bbox 360 2480 1128 2564; baseline -0.004 -14"><span class='ocrx_word' id='word_1_94' title='bbox 360 2485 440 2550; x_wconf 84' lang='grc' dir='ltr'>τοῦδ’</span> <span class='ocrx_word' id='word_1_95' title='bbox 462 2485 633 2564; x_wconf 81' lang='grc' dir='ltr'>αὗτσέντης,</span> <span class='ocrx_word' id='word_1_96' title='bbox 656 2485 707 2548; x_wconf 87' lang='grc' dir='ltr'>καί</span> <span class='ocrx_word' id='word_1_97' title='bbox 729 2507 767 2548; x_wconf 84' lang='grc' dir='ltr'>σε</span> <span class='ocrx_word' id='word_1_98' title='bbox 789 2480 839 2547; x_wconf 82' lang='grc' dir='ltr'>καί</span> <span class='ocrx_word' id='word_1_99' title='bbox 861 2481 927 2549; x_wconf 79' lang='grc' dir='ltr'>τοὺς</span> <span class='ocrx_word' id='word_1_100' title='bbox 949 2482 1022 2548; x_wconf 83' lang='grc' dir='ltr'>σοὺς</span> <span class='ocrx_word' id='word_1_101' title='bbox 1045 2480 1128 2547; x_wconf 83' lang='grc' dir='ltr'>θεοὺς</span> 
     </span>
     <span class='ocr_line' id='line_1_19' title="bbox 362 2586 960 2672; baseline -0.007 -19"><span class='ocrx_word' id='word_1_102' title='bbox 362 2587 548 2670; x_wconf 79' lang='grc' dir='ltr'>ἐξηπάτησα,</span> <span class='ocrx_word' id='word_1_103' title='bbox 569 2589 658 2654; x_wconf 82' lang='grc' dir='ltr'>τόνδε</span> <span class='ocrx_word' id='word_1_104' title='bbox 679 2593 731 2652; x_wconf 88' lang='grc' dir='ltr'>τοῦ</span> <span class='ocrx_word' id='word_1_105' title='bbox 753 2588 849 2651; x_wconf 90' lang='grc' dir='ltr'>πόθου</span> <span class='ocrx_word' id='word_1_106' title='bbox 870 2586 960 2672; x_wconf 81' lang='grc' dir='ltr'>χάριν</span> 
     </span>
     <span class='ocr_line' id='line_1_20' title="bbox 362 2690 942 2775; baseline -0.002 -20"><span class='ocrx_word' id='word_1_107' title='bbox 362 2692 520 2775; x_wconf 85' lang='grc' dir='ltr'>σφάξασα,</span> <span class='ocrx_word' id='word_1_108' title='bbox 541 2691 643 2772; x_wconf 88' lang='grc' dir='ltr'>πάσης</span> <span class='ocrx_word' id='word_1_109' title='bbox 666 2693 764 2758; x_wconf 78' lang='grc' dir='ltr'>αἰτίας</span> <span class='ocrx_word' id='word_1_110' title='bbox 787 2690 942 2773; x_wconf 80' lang='grc' dir='ltr'>ἀκήρατον.</span> 
     </span>
     <span class='ocr_line' id='line_1_21' title="bbox 361 2791 1037 2879; baseline -0.006 -20"><span class='ocrx_word' id='word_1_111' title='bbox 361 2796 510 2862; x_wconf 84' lang='grc' dir='ltr'>άπέπτνσ’</span> <span class='ocrx_word' id='word_1_112' title='bbox 532 2796 634 2879; x_wconf 81' lang='grc' dir='ltr'>ἄμφω,</span> <span class='ocrx_word' id='word_1_113' title='bbox 658 2796 709 2860; x_wconf 88' lang='grc' dir='ltr'>καί</span> <span class='ocrx_word' id='word_1_114' title='bbox 729 2819 765 2860; x_wconf 84' lang='grc' dir='ltr'>σε</span> <span class='ocrx_word' id='word_1_115' title='bbox 788 2791 837 2858; x_wconf 83' lang='grc' dir='ltr'>καί</span> <span class='ocrx_word' id='word_1_116' title='bbox 859 2793 945 2861; x_wconf 85' lang='grc' dir='ltr'>θεοὺς</span> <span class='ocrx_word' id='word_1_117' title='bbox 967 2792 1037 2873; x_wconf 82' lang='grc' dir='ltr'>δμα,</span> 
     </span>
     <span class='ocr_line' id='line_1_22' title="bbox 362 2895 1011 2985; baseline 0.002 -22"><span class='ocrx_word' id='word_1_118' title='bbox 362 2901 479 2967; x_wconf 89' lang='grc' dir='ltr'>δολίαις</span> <span class='ocrx_word' id='word_1_119' title='bbox 501 2898 643 2981; x_wconf 87' lang='grc' dir='ltr'>γυναικὸς</span> <span class='ocrx_word' id='word_1_120' title='bbox 665 2904 816 2982; x_wconf 87' lang='grc' dir='ltr'>μηχαναῖς</span> <span class='ocrx_word' id='word_1_121' title='bbox 837 2895 1011 2985; x_wconf 73' lang='grc' dir='ltr'>ᾑρημένους.</span> 
     </span>
    </p>

    <p class='ocr_par' dir='ltr' id='par_1_7' title="bbox 360 3000 1091 3188">
     <span class='ocr_line' id='line_1_23' title="bbox 361 3000 1091 3087; baseline 0 -21"><span class='ocrx_word' id='word_1_122' title='bbox 361 3003 408 3085; x_wconf 78' lang='grc' dir='ltr'>ἆρ’</span> <span class='ocrx_word' id='word_1_123' title='bbox 429 3000 497 3087; x_wconf 78' lang='grc' dir='ltr'>οὐχὶ</span> <span class='ocrx_word' id='word_1_124' title='bbox 517 3011 626 3084; x_wconf 80' lang='grc' dir='ltr'>μῶρος,</span> <span class='ocrx_word' id='word_1_125' title='bbox 646 3000 679 3069; x_wconf 88' lang='grc' dir='ltr'>δς</span> <span class='ocrx_word' id='word_1_126' title='bbox 702 3002 754 3066; x_wconf 82' lang='grc' dir='ltr'>τὸν</span> <span class='ocrx_word' id='word_1_127' title='bbox 775 3002 926 3085; x_wconf 78' lang='grc' dir='ltr'>ἄγχιστον</span> <span class='ocrx_word' id='word_1_128' title='bbox 947 3003 1091 3082; x_wconf 86' lang='grc' dir='ltr'>στυγεῖς;</span> 
     </span>
     <span class='ocr_line' id='line_1_24' title="bbox 360 3103 1006 3188; baseline -0.003 -18"><span class='ocrx_word' id='word_1_129' title='bbox 360 3108 444 3188; x_wconf 76' lang='grc' dir='ltr'>ὑμεῖς</span> <span class='ocrx_word' id='word_1_130' title='bbox 466 3104 501 3184; x_wconf 85' lang='grc' dir='ltr'>δ’,</span> <span class='ocrx_word' id='word_1_131' title='bbox 524 3107 649 3172; x_wconf 79' lang='grc' dir='ltr'>ἄνακτες</span> <span class='ocrx_word' id='word_1_132' title='bbox 671 3103 694 3168; x_wconf 80' lang='grc' dir='ltr'>ὦ</span> <span class='ocrx_word' id='word_1_133' title='bbox 715 3105 814 3185; x_wconf 88' lang='grc' dir='ltr'>μάτην</span> <span class='ocrx_word' id='word_1_134' title='bbox 835 3104 1006 3185; x_wconf 74' lang='grc' dir='ltr'>τιμώμενοι,</span> 
     </span>
    </p>

    <p class='ocr_par' dir='ltr' id='par_1_8' title="bbox 360 3208 1045 3393">
     <span class='ocr_line' id='line_1_25' title="bbox 363 3208 1014 3286; baseline -0.002 -12"><span class='ocrx_word' id='word_1_135' title='bbox 363 3213 409 3277; x_wconf 83' lang='grc' dir='ltr'>οῖς</span> <span class='ocrx_word' id='word_1_136' title='bbox 429 3211 498 3278; x_wconf 82' lang='grc' dir='ltr'>τοὺς</span> <span class='ocrx_word' id='word_1_137' title='bbox 520 3211 652 3277; x_wconf 81' lang='grc' dir='ltr'>δικαίους</span> <span class='ocrx_word' id='word_1_138' title='bbox 675 3209 888 3273; x_wconf 85' lang='grc' dir='ltr'>άντιτίσασθαι</span> <span class='ocrx_word' id='word_1_139' title='bbox 911 3208 1014 3286; x_wconf 88' lang='grc' dir='ltr'>καλόν,</span> 
     </span>
     <span class='ocr_line' id='line_1_26' title="bbox 360 3311 1045 3393; baseline 0 -17"><span class='ocrx_word' id='word_1_140' title='bbox 360 3314 459 3393; x_wconf 81' lang='grc' dir='ltr'>λάπης</span> <span class='ocrx_word' id='word_1_141' title='bbox 481 3314 505 3379; x_wconf 88' lang='grc' dir='ltr'>δ’</span> <span class='ocrx_word' id='word_1_142' title='bbox 529 3314 655 3380; x_wconf 88' lang='grc' dir='ltr'>άνάτσυς</span> <span class='ocrx_word' id='word_1_143' title='bbox 677 3312 745 3381; x_wconf 83' lang='grc' dir='ltr'>τοὺς</span> <span class='ocrx_word' id='word_1_144' title='bbox 770 3312 878 3379; x_wconf 81' lang='grc' dir='ltr'>κακοὺς</span> <span class='ocrx_word' id='word_1_145' title='bbox 899 3311 1045 3392; x_wconf 90' lang='grc' dir='ltr'>μεθιέναι,</span> 
     </span>
    </p>
   </div>
   <div class='ocr_carea' id='block_1_4' title="bbox 363 3415 1199 3570">
    <p class='ocr_par' dir='ltr' id='par_1_9' title="bbox 363 3415 1199 3570">
     <span class='ocr_line' id='line_1_27' title="bbox 363 3415 1101 3496; baseline 0.003 -15"><span class='ocrx_word' id='word_1_146' title='bbox 363 3419 500 3483; x_wconf 81' lang='grc' dir='ltr'>ὄλοισθε·</span> <span class='ocrx_word' id='word_1_147' title='bbox 531 3421 631 3484; x_wconf 87' lang='grc' dir='ltr'>τοίους</span> <span class='ocrx_word' id='word_1_148' title='bbox 655 3417 698 3482; x_wconf 88' lang='grc' dir='ltr'>τίς</span> <span class='ocrx_word' id='word_1_149' title='bbox 720 3416 747 3481; x_wconf 87' lang='grc' dir='ltr'>δ’</span> <span class='ocrx_word' id='word_1_150' title='bbox 768 3415 807 3480; x_wconf 83' lang='grc' dir='ltr'>δν</span> <span class='ocrx_word' id='word_1_151' title='bbox 829 3415 863 3480; x_wconf 83' lang='grc' dir='ltr'>οὗ</span> <span class='ocrx_word' id='word_1_152' title='bbox 884 3421 973 3496; x_wconf 90' lang='grc' dir='ltr'>μισοῖ</span> <span class='ocrx_word' id='word_1_153' title='bbox 992 3416 1078 3483; x_wconf 84' lang='grc' dir='ltr'>θεοθς</span> <span class='ocrx_word' id='word_1_154' title='bbox 1090 3442 1101 3491; x_wconf 90' lang='lat'>,·</span> 
     </span>
     <span class='ocr_line' id='line_1_28' title="bbox 1094 3529 1199 3570; baseline -0.01 -4"><span class='ocrx_word' id='word_1_155' title='bbox 1094 3532 1121 3570; x_wconf 85' lang='grc' dir='ltr'>ι.</span> <span class='ocrx_word' id='word_1_156' title='bbox 1133 3529 1156 3566; x_wconf 88' lang='grc' dir='ltr'>ιι</span> <span class='ocrx_word' id='word_1_157' title='bbox 1170 3531 1199 3566; x_wconf 84' lang='grc' dir='ltr'>ιι.</span> 
     </span>
    </p>
   </div>
   <div class='ocr_carea' id='block_1_5' title="bbox 0 0 1552 4494">
    <p class='ocr_par' dir='ltr' id='par_1_10' title="bbox 0 0 1552 4494">
     <span class='ocr_line' id='line_1_29' title="bbox 0 0 1552 4494; baseline 0 0"><span class='ocrx_word' id='word_1_158' title='bbox 0 0 1552 4494; x_wconf 95' lang='lat' dir='ltr'> </span> 
     </span>
    </p>
   </div>
  </div>
 </body>
</html>
