<?xml version="1.0" encoding="UTF-8"?>
<!DOCTYPE html PUBLIC "-//W3C//DTD XHTML 1.0 Transitional//EN"
    "http://www.w3.org/TR/xhtml1/DTD/xhtml1-transitional.dtd">
<html xmlns="http://www.w3.org/1999/xhtml" xml:lang="en" lang="en">
 <head>
  <title>
</title>
<meta http-equiv="Content-Type" content="text/html;charset=utf-8" />
  <meta name='ocr-system' content='tesseract 3.04.00' />
  <meta name='ocr-capabilities' content='ocr_page ocr_carea ocr_par ocr_line ocrx_word'/>
</head>
<body>
  <div class='ocr_page' id='page_1' title='image "./novaanthologiao00godlgoog/novaanthologiao00godlgoog_0143.png"; bbox 0 0 3070 4490; ppageno 0'>
   <div class='ocr_carea' id='block_1_1' title="bbox 603 388 817 437">
    <p class='ocr_par' dir='ltr' id='par_1_1' title="bbox 603 388 817 437">
     <span class='ocr_line' id='line_1_1' title="bbox 603 388 817 437; baseline 0.005 -2"><span class='ocrx_word' id='word_1_1' title='bbox 603 388 817 437; x_wconf 88' lang='lat' dir='ltr'>OXONIENSIS</span> 
     </span>
    </p>
   </div>
   <div class='ocr_carea' id='block_1_2' title="bbox 661 631 759 672">
    <p class='ocr_par' dir='ltr' id='par_1_2' title="bbox 661 631 759 672">
     <span class='ocr_line' id='line_1_2' title="bbox 661 631 759 672; baseline 0 0"><span class='ocrx_word' id='word_1_2' title='bbox 661 631 759 672; x_wconf 84' lang='lat' dir='ltr'>LXXIV</span> 
     </span>
    </p>
   </div>
   <div class='ocr_carea' id='block_1_3' title="bbox 211 735 1210 1796">
    <p class='ocr_par' dir='ltr' id='par_1_3' title="bbox 211 735 1210 1796">
     <span class='ocr_line' id='line_1_3' title="bbox 212 735 1210 812; baseline 0.003 -19"><span class='ocrx_word' id='word_1_3' title='bbox 212 735 313 810; x_wconf 76' lang='lat' dir='ltr'><strong>Quam</strong></span> <span class='ocrx_word' id='word_1_4' title='bbox 331 736 462 811; x_wconf 80' lang='lat' dir='ltr'><strong>pulchra</strong></span> <span class='ocrx_word' id='word_1_5' title='bbox 479 737 528 794; x_wconf 75' lang='lat' dir='ltr'><strong>est</strong></span> <span class='ocrx_word' id='word_1_6' title='bbox 546 735 670 810; x_wconf 81' lang='lat' dir='ltr'><strong>speeies,</strong></span> <span class='ocrx_word' id='word_1_7' title='bbox 688 755 782 812; x_wconf 81' lang='lat' dir='ltr'><strong>quam</strong></span> <span class='ocrx_word' id='word_1_8' title='bbox 798 755 860 795; x_wconf 85' lang='lat' dir='ltr'><strong>vox</strong></span> <span class='ocrx_word' id='word_1_9' title='bbox 880 737 928 794; x_wconf 79' lang='lat' dir='ltr'><strong>est</strong></span> <span class='ocrx_word' id='word_1_10' title='bbox 947 739 1036 811; x_wconf 76' lang='lat' dir='ltr'><strong>grata</strong></span> <span class='ocrx_word' id='word_1_11' title='bbox 1052 737 1210 797; x_wconf 75' lang='lat' dir='ltr'><strong>canentis!</strong></span> 
     </span>
     <span class='ocr_line' id='line_1_4' title="bbox 251 833 1013 909; baseline 0.004 -18"><span class='ocrx_word' id='word_1_12' title='bbox 251 835 344 909; x_wconf 75' lang='lat' dir='ltr'><strong>rupte</strong></span> <span class='ocrx_word' id='word_1_13' title='bbox 364 833 450 909; x_wconf 70' lang='lat' dir='ltr'><strong>cupii</strong></span> <span class='ocrx_word' id='word_1_14' title='bbox 470 833 583 909; x_wconf 84' lang='lat' dir='ltr'><strong>rumpi,</strong></span> <span class='ocrx_word' id='word_1_15' title='bbox 608 834 685 893; x_wconf 88' lang='lat' dir='ltr'><strong>dum</strong></span> <span class='ocrx_word' id='word_1_16' title='bbox 706 833 797 907; x_wconf 77' lang='lat' dir='ltr'><strong>canit,</strong></span> <span class='ocrx_word' id='word_1_17' title='bbox 821 853 898 893; x_wconf 80' lang='lat' dir='ltr'><strong>aura</strong></span> <span class='ocrx_word' id='word_1_18' title='bbox 918 853 1013 894; x_wconf 83' lang='lat' dir='ltr'><strong>sono:</strong></span> 
     </span>
     <span class='ocr_line' id='line_1_5' title="bbox 211 931 935 1008; baseline 0.003 -19"><span class='ocrx_word' id='word_1_19' title='bbox 211 931 310 1007; x_wconf 80' lang='lat' dir='ltr'><strong>ipsius</strong></span> <span class='ocrx_word' id='word_1_20' title='bbox 332 931 453 990; x_wconf 70' lang='lat' dir='ltr'><strong>afflatus</strong></span> <span class='ocrx_word' id='word_1_21' title='bbox 474 933 657 1008; x_wconf 78' lang='lat' dir='ltr'><strong>conceptum</strong></span> <span class='ocrx_word' id='word_1_22' title='bbox 677 931 811 991; x_wconf 78' lang='lat' dir='ltr'><strong>ventilat</strong></span> <span class='ocrx_word' id='word_1_23' title='bbox 830 931 935 1008; x_wconf 88' lang='lat' dir='ltr'><strong>ignem</strong></span> 
     </span>
     <span class='ocr_line' id='line_1_6' title="bbox 251 1029 927 1105; baseline 0 -17"><span class='ocrx_word' id='word_1_24' title='bbox 251 1029 351 1105; x_wconf 82' lang='lat' dir='ltr'><strong>ipsius</strong></span> <span class='ocrx_word' id='word_1_25' title='bbox 371 1049 409 1088; x_wconf 83' lang='lat' dir='ltr'><strong>ex</strong></span> <span class='ocrx_word' id='word_1_26' title='bbox 430 1029 528 1088; x_wconf 81' lang='lat' dir='ltr'><strong>oeulis</strong></span> <span class='ocrx_word' id='word_1_27' title='bbox 549 1029 604 1105; x_wconf 89' lang='lat' dir='ltr'><strong>qui</strong></span> <span class='ocrx_word' id='word_1_28' title='bbox 624 1029 718 1088; x_wconf 90' lang='lat' dir='ltr'><strong>modo</strong></span> <span class='ocrx_word' id='word_1_29' title='bbox 739 1031 831 1087; x_wconf 74' lang='lat' dir='ltr'><strong>natus</strong></span> <span class='ocrx_word' id='word_1_30' title='bbox 852 1032 927 1089; x_wconf 76' lang='lat' dir='ltr'><strong>erat.</strong></span> 
     </span>
     <span class='ocr_line' id='line_1_7' title="bbox 212 1127 1062 1203; baseline 0.001 -17"><span class='ocrx_word' id='word_1_31' title='bbox 212 1127 265 1186; x_wconf 91' lang='lat' dir='ltr'><strong>hei</strong></span> <span class='ocrx_word' id='word_1_32' title='bbox 285 1127 386 1187; x_wconf 87' lang='lat' dir='ltr'><strong>mihi!</strong></span> <span class='ocrx_word' id='word_1_33' title='bbox 414 1147 492 1203; x_wconf 82' lang='lat' dir='ltr'><strong>quae</strong></span> <span class='ocrx_word' id='word_1_34' title='bbox 512 1127 640 1186; x_wconf 62' lang='lat' dir='ltr'><strong>eandem</strong></span> <span class='ocrx_word' id='word_1_35' title='bbox 661 1127 742 1186; x_wconf 78' lang='lat' dir='ltr'><strong>ratio</strong></span> <span class='ocrx_word' id='word_1_36' title='bbox 763 1127 942 1187; x_wconf 79' lang='lat' dir='ltr'><strong>moderetur</strong></span> <span class='ocrx_word' id='word_1_37' title='bbox 962 1129 1062 1188; x_wconf 84' lang='lat' dir='ltr'><strong>amori</strong></span> 
     </span>
     <span class='ocr_line' id='line_1_8' title="bbox 253 1225 1022 1301; baseline 0.004 -19"><span class='ocrx_word' id='word_1_38' title='bbox 253 1225 308 1301; x_wconf 90' lang='lat' dir='ltr'><strong>qui</strong></span> <span class='ocrx_word' id='word_1_39' title='bbox 327 1227 467 1284; x_wconf 81' lang='lat' dir='ltr'><strong>mentem</strong></span> <span class='ocrx_word' id='word_1_40' title='bbox 487 1225 617 1301; x_wconf 80' lang='lat' dir='ltr'><strong>ancipiti</strong></span> <span class='ocrx_word' id='word_1_41' title='bbox 637 1245 693 1285; x_wconf 90' lang='lat' dir='ltr'><strong>neo</strong></span> <span class='ocrx_word' id='word_1_42' title='bbox 714 1225 810 1285; x_wconf 81' lang='lat' dir='ltr'><strong>semel</strong></span> <span class='ocrx_word' id='word_1_43' title='bbox 831 1227 897 1285; x_wconf 72' lang='lat' dir='ltr'><strong>arie</strong></span> <span class='ocrx_word' id='word_1_44' title='bbox 918 1225 1022 1301; x_wconf 74' lang='lat' dir='ltr'><strong>petit?</strong></span> 
     </span>
     <span class='ocr_line' id='line_1_9' title="bbox 212 1323 999 1400; baseline 0 -17"><span class='ocrx_word' id='word_1_45' title='bbox 212 1323 256 1383; x_wconf 81' lang='lat' dir='ltr'><strong>sio</strong></span> <span class='ocrx_word' id='word_1_46' title='bbox 277 1343 399 1399; x_wconf 86' lang='lat' dir='ltr'><strong>quoque</strong></span> <span class='ocrx_word' id='word_1_47' title='bbox 420 1343 479 1382; x_wconf 87' lang='lat' dir='ltr'><strong>nos</strong></span> <span class='ocrx_word' id='word_1_48' title='bbox 500 1323 568 1384; x_wconf 88' lang='lat' dir='ltr'><strong>diro</strong></span> <span class='ocrx_word' id='word_1_49' title='bbox 589 1324 745 1383; x_wconf 75' lang='lat' dir='ltr'><strong>succensis</strong></span> <span class='ocrx_word' id='word_1_50' title='bbox 765 1323 888 1400; x_wconf 82' lang='lat' dir='ltr'><strong>fulgure</strong></span> <span class='ocrx_word' id='word_1_51' title='bbox 909 1323 999 1383; x_wconf 80' lang='lat' dir='ltr'><strong>tectis</strong></span> 
     </span>
     <span class='ocr_line' id='line_1_10' title="bbox 252 1420 970 1498; baseline 0 -18"><span class='ocrx_word' id='word_1_52' title='bbox 252 1420 396 1496; x_wconf 79' lang='lat' dir='ltr'><strong>protinus</strong></span> <span class='ocrx_word' id='word_1_53' title='bbox 417 1422 589 1482; x_wconf 79' lang='lat' dir='ltr'><strong>humanam</strong></span> <span class='ocrx_word' id='word_1_54' title='bbox 610 1423 850 1498; x_wconf 82' lang='lat' dir='ltr'><strong>deproperamus</strong></span> <span class='ocrx_word' id='word_1_55' title='bbox 871 1442 970 1498; x_wconf 88' lang='lat' dir='ltr'><strong>opem,</strong></span> 
     </span>
     <span class='ocr_line' id='line_1_11' title="bbox 212 1519 1036 1597; baseline 0.004 -19"><span class='ocrx_word' id='word_1_56' title='bbox 212 1519 330 1579; x_wconf 80' lang='lat' dir='ltr'><strong>scilieet</strong></span> <span class='ocrx_word' id='word_1_57' title='bbox 351 1522 387 1578; x_wconf 78' lang='lat' dir='ltr'><strong>ut</strong></span> <span class='ocrx_word' id='word_1_58' title='bbox 407 1523 531 1580; x_wconf 78' lang='lat' dir='ltr'><strong>nostrae</strong></span> <span class='ocrx_word' id='word_1_59' title='bbox 551 1521 712 1580; x_wconf 80' lang='lat' dir='ltr'><strong>flammam</strong></span> <span class='ocrx_word' id='word_1_60' title='bbox 733 1520 924 1597; x_wconf 78' lang='lat' dir='ltr'><strong>restinguere</strong></span> <span class='ocrx_word' id='word_1_61' title='bbox 945 1521 1036 1596; x_wconf 71' lang='lat' dir='ltr'><strong>vireu,</strong></span> 
     </span>
     <span class='ocr_line' id='line_1_12' title="bbox 253 1618 1061 1696; baseline 0.001 -19"><span class='ocrx_word' id='word_1_62' title='bbox 253 1618 396 1694; x_wconf 84' lang='lat' dir='ltr'><strong>quamvis</strong></span> <span class='ocrx_word' id='word_1_63' title='bbox 417 1618 459 1678; x_wconf 77' lang='lat' dir='ltr'><strong>sit</strong></span> <span class='ocrx_word' id='word_1_64' title='bbox 479 1638 628 1694; x_wconf 82' lang='lat' dir='ltr'><strong>superum</strong></span> <span class='ocrx_word' id='word_1_65' title='bbox 649 1618 778 1678; x_wconf 92' lang='lat' dir='ltr'><strong>numine</strong></span> <span class='ocrx_word' id='word_1_66' title='bbox 798 1619 903 1694; x_wconf 82' lang='lat' dir='ltr'><strong>missa,</strong></span> <span class='ocrx_word' id='word_1_67' title='bbox 928 1621 1061 1696; x_wconf 74' lang='lat' dir='ltr'><strong>queunt:</strong></span> 
     </span>
     <span class='ocr_line' id='line_1_13' title="bbox 213 1717 1089 1796; baseline 0.002 -20"><span class='ocrx_word' id='word_1_68' title='bbox 213 1718 267 1778; x_wconf 79' lang='lat' dir='ltr'><strong>sed</strong></span> <span class='ocrx_word' id='word_1_69' title='bbox 288 1717 450 1794; x_wconf 84' lang='lat' dir='ltr'><strong>querimur</strong></span> <span class='ocrx_word' id='word_1_70' title='bbox 470 1720 603 1793; x_wconf 66' lang='lat' dir='ltr'><strong>iunium,</strong></span> <span class='ocrx_word' id='word_1_71' title='bbox 626 1720 741 1778; x_wconf 73' lang='lat' dir='ltr'><strong>venius</strong></span> <span class='ocrx_word' id='word_1_72' title='bbox 762 1717 789 1777; x_wconf 81' lang='lat' dir='ltr'><strong>si</strong></span> <span class='ocrx_word' id='word_1_73' title='bbox 810 1717 945 1778; x_wconf 78' lang='lat' dir='ltr'><strong>eoncitat</strong></span> <span class='ocrx_word' id='word_1_74' title='bbox 966 1718 1089 1796; x_wconf 85' lang='lat' dir='ltr'><strong>ignem:</strong></span> 
     </span>
    </p>
   </div>
   <div class='ocr_carea' id='block_1_4' title="bbox 254 1815 1179 1963">
    <p class='ocr_par' dir='ltr' id='par_1_4' title="bbox 254 1815 1179 1963">
     <span class='ocr_line' id='line_1_14' title="bbox 254 1815 983 1894; baseline 0.003 -18"><span class='ocrx_word' id='word_1_75' title='bbox 254 1819 324 1876; x_wconf 84' lang='lat' dir='ltr'><strong>tum</strong></span> <span class='ocrx_word' id='word_1_76' title='bbox 344 1817 426 1894; x_wconf 75' lang='lat' dir='ltr'><strong>perit</strong></span> <span class='ocrx_word' id='word_1_77' title='bbox 445 1816 575 1893; x_wconf 81' lang='lat' dir='ltr'><strong>ancipiti</strong></span> <span class='ocrx_word' id='word_1_78' title='bbox 593 1815 696 1877; x_wconf 77' lang='lat' dir='ltr'><strong>victus</strong></span> <span class='ocrx_word' id='word_1_79' title='bbox 718 1817 757 1876; x_wconf 80' lang='lat' dir='ltr'><strong>ab</strong></span> <span class='ocrx_word' id='word_1_80' title='bbox 776 1817 866 1876; x_wconf 70' lang='lat' dir='ltr'><strong>hosio</strong></span> <span class='ocrx_word' id='word_1_81' title='bbox 887 1816 983 1878; x_wconf 82' lang='lat' dir='ltr'><strong>labor.</strong></span> 
     </span>
     <span class='ocr_line' id='line_1_15' title="bbox 1080 1927 1179 1963; baseline 0 -1"><span class='ocrx_word' id='word_1_82' title='bbox 1080 1929 1105 1962; x_wconf 76' lang='lat' dir='ltr'><strong>A.</strong></span> <span class='ocrx_word' id='word_1_83' title='bbox 1118 1927 1143 1963; x_wconf 86' lang='lat' dir='ltr'><strong>D.</strong></span> <span class='ocrx_word' id='word_1_84' title='bbox 1155 1928 1179 1962; x_wconf 77' lang='lat' dir='ltr'><strong>G.</strong></span> 
     </span>
    </p>
   </div>
   <div class='ocr_carea' id='block_1_5' title="bbox 668 2348 753 2389">
    <p class='ocr_par' dir='ltr' id='par_1_5' title="bbox 668 2348 753 2389">
     <span class='ocr_line' id='line_1_16' title="bbox 668 2348 753 2389; baseline 0 0"><span class='ocrx_word' id='word_1_85' title='bbox 668 2348 753 2389; x_wconf 84' lang='lat' dir='ltr'>LXXV</span> 
     </span>
    </p>
   </div>
   <div class='ocr_carea' id='block_1_6' title="bbox 213 2443 1129 3801">
    <p class='ocr_par' dir='ltr' id='par_1_6' title="bbox 215 2443 1012 2620">
     <span class='ocr_line' id='line_1_17' title="bbox 215 2443 1012 2521; baseline 0 -18"><span class='ocrx_word' id='word_1_86' title='bbox 215 2443 262 2503; x_wconf 78' lang='lat' dir='ltr'><strong>Ut</strong></span> <span class='ocrx_word' id='word_1_87' title='bbox 281 2443 384 2521; x_wconf 85' lang='lat' dir='ltr'><strong>pelagi</strong></span> <span class='ocrx_word' id='word_1_88' title='bbox 404 2444 517 2504; x_wconf 78' lang='lat' dir='ltr'><strong>fluetus</strong></span> <span class='ocrx_word' id='word_1_89' title='bbox 538 2444 678 2521; x_wconf 77' lang='lat' dir='ltr'><strong>lapidosa</strong></span> <span class='ocrx_word' id='word_1_90' title='bbox 698 2445 737 2505; x_wconf 78' lang='lat' dir='ltr'><strong>ad</strong></span> <span class='ocrx_word' id='word_1_91' title='bbox 758 2443 852 2505; x_wconf 70' lang='lat' dir='ltr'><strong>litora</strong></span> <span class='ocrx_word' id='word_1_92' title='bbox 873 2446 1012 2520; x_wconf 79' lang='lat' dir='ltr'><strong>currunt,</strong></span> 
     </span>
     <span class='ocr_line' id='line_1_18' title="bbox 254 2542 1012 2620; baseline 0.001 -19"><span class='ocrx_word' id='word_1_93' title='bbox 254 2542 293 2601; x_wconf 81' lang='lat' dir='ltr'><strong>ad</strong></span> <span class='ocrx_word' id='word_1_94' title='bbox 313 2542 410 2602; x_wconf 89' lang='lat' dir='ltr'><strong>finem</strong></span> <span class='ocrx_word' id='word_1_95' title='bbox 430 2546 599 2619; x_wconf 76' lang='lat' dir='ltr'><strong>properant</strong></span> <span class='ocrx_word' id='word_1_96' title='bbox 618 2546 762 2620; x_wconf 80' lang='lat' dir='ltr'><strong>tempora</strong></span> <span class='ocrx_word' id='word_1_97' title='bbox 781 2545 890 2603; x_wconf 80' lang='lat' dir='ltr'><strong>nostra</strong></span> <span class='ocrx_word' id='word_1_98' title='bbox 911 2561 1012 2602; x_wconf 80' lang='lat' dir='ltr'><strong>suum.</strong></span> 
     </span>
    </p>

    <p class='ocr_par' dir='ltr' id='par_1_7' title="bbox 214 2639 1094 2816">
     <span class='ocr_line' id='line_1_19' title="bbox 214 2639 1094 2718; baseline 0.001 -20"><span class='ocrx_word' id='word_1_99' title='bbox 214 2639 328 2716; x_wconf 78' lang='lat' dir='ltr'><strong>excipit</strong></span> <span class='ocrx_word' id='word_1_100' title='bbox 348 2641 426 2700; x_wconf 80' lang='lat' dir='ltr'><strong>horu</strong></span> <span class='ocrx_word' id='word_1_101' title='bbox 446 2641 548 2718; x_wconf 83' lang='lat' dir='ltr'><strong>horas,</strong></span> <span class='ocrx_word' id='word_1_102' title='bbox 572 2642 691 2701; x_wconf 80' lang='lat' dir='ltr'><strong>undum</strong></span> <span class='ocrx_word' id='word_1_103' title='bbox 710 2641 826 2718; x_wconf 81' lang='lat' dir='ltr'><strong>premit</strong></span> <span class='ocrx_word' id='word_1_104' title='bbox 846 2641 931 2700; x_wconf 78' lang='lat' dir='ltr'><strong>unda</strong></span> <span class='ocrx_word' id='word_1_105' title='bbox 950 2640 1094 2717; x_wconf 80' lang='lat' dir='ltr'><strong>priorem,</strong></span> 
     </span>
     <span class='ocr_line' id='line_1_20' title="bbox 253 2739 861 2816; baseline 0.005 -19"><span class='ocrx_word' id='word_1_106' title='bbox 253 2739 447 2799; x_wconf 73' lang='lat' dir='ltr'><strong>contendunt</strong></span> <span class='ocrx_word' id='word_1_107' title='bbox 467 2760 576 2800; x_wconf 84' lang='lat' dir='ltr'><strong>omnes</strong></span> <span class='ocrx_word' id='word_1_108' title='bbox 596 2740 746 2800; x_wconf 67' lang='lat' dir='ltr'><strong>ulteriora</strong></span> <span class='ocrx_word' id='word_1_109' title='bbox 765 2739 861 2816; x_wconf 83' lang='lat' dir='ltr'><strong>sequi.</strong></span> 
     </span>
    </p>

    <p class='ocr_par' dir='ltr' id='par_1_8' title="bbox 213 2837 995 3012">
     <span class='ocr_line' id='line_1_21' title="bbox 213 2837 995 2916; baseline 0.001 -20"><span class='ocrx_word' id='word_1_110' title='bbox 213 2839 308 2897; x_wconf 81' lang='lat' dir='ltr'><strong>natus</strong></span> <span class='ocrx_word' id='word_1_111' title='bbox 328 2837 363 2896; x_wconf 90' lang='lat' dir='ltr'><strong>in</strong></span> <span class='ocrx_word' id='word_1_112' title='bbox 382 2837 553 2898; x_wconf 81' lang='lat' dir='ltr'><strong>immensas</strong></span> <span class='ocrx_word' id='word_1_113' title='bbox 574 2839 621 2899; x_wconf 84' lang='lat' dir='ltr'><strong>sol</strong></span> <span class='ocrx_word' id='word_1_114' title='bbox 641 2840 752 2916; x_wconf 83' lang='lat' dir='ltr'><strong>ingens</strong></span> <span class='ocrx_word' id='word_1_115' title='bbox 773 2838 903 2898; x_wconf 85' lang='lat' dir='ltr'><strong>luminis</strong></span> <span class='ocrx_word' id='word_1_116' title='bbox 925 2857 995 2898; x_wconf 79' lang='lat' dir='ltr'><strong>orus</strong></span> 
     </span>
     <span class='ocr_line' id='line_1_22' title="bbox 254 2935 932 3012; baseline 0.003 -18"><span class='ocrx_word' id='word_1_117' title='bbox 254 2936 335 3012; x_wconf 81' lang='lat' dir='ltr'><strong>repit</strong></span> <span class='ocrx_word' id='word_1_118' title='bbox 354 2935 424 3010; x_wconf 79' lang='lat' dir='ltr'><strong>iter,</strong></span> <span class='ocrx_word' id='word_1_119' title='bbox 448 2936 545 2996; x_wconf 82' lang='lat' dir='ltr'><strong>donec</strong></span> <span class='ocrx_word' id='word_1_120' title='bbox 566 2937 662 2997; x_wconf 87' lang='lat' dir='ltr'><strong>robur</strong></span> <span class='ocrx_word' id='word_1_121' title='bbox 683 2937 809 2997; x_wconf 73' lang='lat' dir='ltr'><strong>adultus</strong></span> <span class='ocrx_word' id='word_1_122' title='bbox 829 2935 932 2996; x_wconf 80' lang='lat' dir='ltr'><strong>habet.</strong></span> 
     </span>
    </p>

    <p class='ocr_par' dir='ltr' id='par_1_9' title="bbox 213 3033 942 3209">
     <span class='ocr_line' id='line_1_23' title="bbox 213 3033 942 3111; baseline 0 -19"><span class='ocrx_word' id='word_1_123' title='bbox 213 3033 313 3111; x_wconf 84' lang='lat' dir='ltr'><strong>gloria</strong></span> <span class='ocrx_word' id='word_1_124' title='bbox 333 3036 403 3096; x_wconf 79' lang='lat' dir='ltr'><strong>tum</strong></span> <span class='ocrx_word' id='word_1_125' title='bbox 422 3034 528 3110; x_wconf 81' lang='lat' dir='ltr'><strong>pravis</strong></span> <span class='ocrx_word' id='word_1_126' title='bbox 549 3034 719 3094; x_wconf 78' lang='lat' dir='ltr'><strong>defectibus</strong></span> <span class='ocrx_word' id='word_1_127' title='bbox 739 3034 794 3094; x_wconf 79' lang='lat' dir='ltr'><strong>illa</strong></span> <span class='ocrx_word' id='word_1_128' title='bbox 814 3034 942 3108; x_wconf 75' lang='lat' dir='ltr'><strong>laborat,</strong></span> 
     </span>
     <span class='ocr_line' id='line_1_24' title="bbox 253 3131 918 3209; baseline 0.003 -18"><span class='ocrx_word' id='word_1_129' title='bbox 253 3136 285 3191; x_wconf 77' lang='lat' dir='ltr'><strong>et</strong></span> <span class='ocrx_word' id='word_1_130' title='bbox 306 3134 431 3209; x_wconf 79' lang='lat' dir='ltr'><strong>tempus</strong></span> <span class='ocrx_word' id='word_1_131' title='bbox 452 3132 570 3192; x_wconf 91' lang='lat' dir='ltr'><strong>donum</strong></span> <span class='ocrx_word' id='word_1_132' title='bbox 591 3133 659 3193; x_wconf 77' lang='lat' dir='ltr'><strong>volt</strong></span> <span class='ocrx_word' id='word_1_133' title='bbox 678 3131 795 3193; x_wconf 83' lang='lat' dir='ltr'><strong>violare</strong></span> <span class='ocrx_word' id='word_1_134' title='bbox 816 3151 918 3193; x_wconf 79' lang='lat' dir='ltr'><strong>suum.</strong></span> 
     </span>
    </p>

    <p class='ocr_par' dir='ltr' id='par_1_10' title="bbox 214 3229 1021 3406">
     <span class='ocr_line' id='line_1_25' title="bbox 214 3229 1021 3306; baseline 0 -18"><span class='ocrx_word' id='word_1_135' title='bbox 214 3231 339 3306; x_wconf 77' lang='lat' dir='ltr'><strong>tempus</strong></span> <span class='ocrx_word' id='word_1_136' title='bbox 360 3232 445 3290; x_wconf 78' lang='lat' dir='ltr'><strong>amat</strong></span> <span class='ocrx_word' id='word_1_137' title='bbox 465 3249 571 3290; x_wconf 84' lang='lat' dir='ltr'><strong>roseae</strong></span> <span class='ocrx_word' id='word_1_138' title='bbox 592 3231 703 3290; x_wconf 89' lang='lat' dir='ltr'><strong>florem</strong></span> <span class='ocrx_word' id='word_1_139' title='bbox 723 3231 848 3290; x_wconf 83' lang='lat' dir='ltr'><strong>foedare</strong></span> <span class='ocrx_word' id='word_1_140' title='bbox 869 3229 1021 3306; x_wconf 79' lang='lat' dir='ltr'><strong>iuventae,</strong></span> 
     </span>
     <span class='ocr_line' id='line_1_26' title="bbox 254 3328 904 3406; baseline 0.002 -18"><span class='ocrx_word' id='word_1_141' title='bbox 254 3347 348 3406; x_wconf 84' lang='lat' dir='ltr'><strong>rugas</strong></span> <span class='ocrx_word' id='word_1_142' title='bbox 369 3328 403 3387; x_wconf 92' lang='lat' dir='ltr'><strong>in</strong></span> <span class='ocrx_word' id='word_1_143' title='bbox 423 3328 516 3389; x_wconf 87' lang='lat' dir='ltr'><strong>niveo</strong></span> <span class='ocrx_word' id='word_1_144' title='bbox 537 3348 664 3404; x_wconf 87' lang='lat' dir='ltr'><strong>corpore</strong></span> <span class='ocrx_word' id='word_1_145' title='bbox 684 3331 809 3404; x_wconf 70' lang='lat' dir='ltr'><strong>tempus</strong></span> <span class='ocrx_word' id='word_1_146' title='bbox 828 3329 904 3389; x_wconf 74' lang='lat' dir='ltr'><strong>arat.</strong></span> 
     </span>
    </p>

    <p class='ocr_par' dir='ltr' id='par_1_11' title="bbox 213 3426 1048 3603">
     <span class='ocr_line' id='line_1_27' title="bbox 213 3426 956 3505; baseline 0.003 -21"><span class='ocrx_word' id='word_1_147' title='bbox 213 3429 338 3502; x_wconf 78' lang='lat' dir='ltr'><strong>tempus</strong></span> <span class='ocrx_word' id='word_1_148' title='bbox 358 3427 423 3486; x_wconf 73' lang='lat' dir='ltr'><strong>odii</strong></span> <span class='ocrx_word' id='word_1_149' title='bbox 443 3426 506 3485; x_wconf 83' lang='lat' dir='ltr'><strong>rari</strong></span> <span class='ocrx_word' id='word_1_150' title='bbox 526 3426 677 3505; x_wconf 88' lang='lat' dir='ltr'><strong>quidquid</strong></span> <span class='ocrx_word' id='word_1_151' title='bbox 698 3429 811 3487; x_wconf 78' lang='lat' dir='ltr'><strong>natura</strong></span> <span class='ocrx_word' id='word_1_152' title='bbox 831 3427 956 3504; x_wconf 78' lang='lat' dir='ltr'><strong>creavit,</strong></span> 
     </span>
     <span class='ocr_line' id='line_1_28' title="bbox 253 3525 1048 3603; baseline 0.003 -19"><span class='ocrx_word' id='word_1_153' title='bbox 253 3527 378 3602; x_wconf 76' lang='lat' dir='ltr'><strong>stetque</strong></span> <span class='ocrx_word' id='word_1_154' title='bbox 398 3525 482 3585; x_wconf 92' lang='lat' dir='ltr'><strong>nihil</strong></span> <span class='ocrx_word' id='word_1_155' title='bbox 501 3526 584 3602; x_wconf 89' lang='lat' dir='ltr'><strong>quod</strong></span> <span class='ocrx_word' id='word_1_156' title='bbox 604 3546 669 3586; x_wconf 92' lang='lat' dir='ltr'><strong>non</strong></span> <span class='ocrx_word' id='word_1_157' title='bbox 690 3526 822 3603; x_wconf 85' lang='lat' dir='ltr'><strong>denique</strong></span> <span class='ocrx_word' id='word_1_158' title='bbox 836 3527 922 3586; x_wconf 82' lang='lat' dir='ltr'><strong>-feloe</strong></span> <span class='ocrx_word' id='word_1_159' title='bbox 941 3528 1048 3586; x_wconf 64' lang='lat' dir='ltr'><strong>metat„</strong></span> 
     </span>
    </p>

    <p class='ocr_par' dir='ltr' id='par_1_12' title="bbox 214 3624 1129 3801">
     <span class='ocr_line' id='line_1_29' title="bbox 214 3624 1129 3698; baseline -0.001 -15"><span class='ocrx_word' id='word_1_160' title='bbox 214 3624 268 3683; x_wconf 79' lang='lat' dir='ltr'><strong>sed</strong></span> <span class='ocrx_word' id='word_1_161' title='bbox 288 3644 381 3684; x_wconf 84' lang='lat' dir='ltr'><strong>vorsu</strong></span> <span class='ocrx_word' id='word_1_162' title='bbox 401 3625 461 3684; x_wconf 87' lang='lat' dir='ltr'><strong>hoo</strong></span> <span class='ocrx_word' id='word_1_163' title='bbox 481 3626 535 3683; x_wconf 81' lang='lat' dir='ltr'><strong>tua</strong></span> <span class='ocrx_word' id='word_1_164' title='bbox 556 3624 624 3684; x_wconf 80' lang='lat' dir='ltr'><strong>laus</strong></span> <span class='ocrx_word' id='word_1_165' title='bbox 644 3627 815 3684; x_wconf 77' lang='lat' dir='ltr'><strong>venturum</strong></span> <span class='ocrx_word' id='word_1_166' title='bbox 834 3625 933 3684; x_wconf 75' lang='lat' dir='ltr'><strong>stabit</strong></span> <span class='ocrx_word' id='word_1_167' title='bbox 953 3624 988 3684; x_wconf 91' lang='lat' dir='ltr'><strong>in</strong></span> <span class='ocrx_word' id='word_1_168' title='bbox 1008 3642 1129 3698; x_wconf 78' lang='lat' dir='ltr'><strong>aevum,</strong></span> 
     </span>
     <span class='ocr_line' id='line_1_30' title="bbox 254 3721 913 3801; baseline 0.006 -21"><span class='ocrx_word' id='word_1_169' title='bbox 254 3721 289 3781; x_wconf 89' lang='lat' dir='ltr'><strong>in</strong></span> <span class='ocrx_word' id='word_1_170' title='bbox 309 3725 341 3781; x_wconf 80' lang='lat' dir='ltr'><strong>te</strong></span> <span class='ocrx_word' id='word_1_171' title='bbox 361 3722 506 3784; x_wconf 81' lang='lat' dir='ltr'><strong>saevierit</strong></span> <span class='ocrx_word' id='word_1_172' title='bbox 526 3722 698 3801; x_wconf 78' lang='lat' dir='ltr'><strong>quemlibet</strong></span> <span class='ocrx_word' id='word_1_173' title='bbox 717 3723 773 3783; x_wconf 82' lang='lat' dir='ltr'><strong>illa</strong></span> <span class='ocrx_word' id='word_1_174' title='bbox 791 3740 913 3784; x_wconf 83' lang='lat' dir='ltr'><strong>manue.</strong></span> 
     </span>
    </p>
   </div>
   <div class='ocr_carea' id='block_1_7' title="bbox 296 3829 1184 3969">
    <p class='ocr_par' dir='ltr' id='par_1_13' title="bbox 296 3829 1184 3969">
     <span class='ocr_line' id='line_1_31' title="bbox 1084 3829 1184 3865; baseline -0.01 0"><span class='ocrx_word' id='word_1_175' title='bbox 1084 3832 1110 3865; x_wconf 73' lang='lat' dir='ltr'><strong>A.</strong></span> <span class='ocrx_word' id='word_1_176' title='bbox 1121 3829 1143 3864; x_wconf 80' lang='grc' dir='ltr'><strong>τ.</strong></span> <span class='ocrx_word' id='word_1_177' title='bbox 1156 3829 1184 3864; x_wconf 74' lang='lat' dir='ltr'><strong>u:</strong></span> 
     </span>
     <span class='ocr_line' id='line_1_32' title="bbox 296 3924 310 3969; baseline 0 0"><span class='ocrx_word' id='word_1_178' title='bbox 296 3924 310 3969; x_wconf 82' lang='lat'>9</span> 
     </span>
    </p>
   </div>
   <div class='ocr_carea' id='block_1_8' title="bbox 0 0 1542 4490">
    <p class='ocr_par' dir='ltr' id='par_1_14' title="bbox 0 0 1542 4490">
     <span class='ocr_line' id='line_1_33' title="bbox 0 0 1542 4490; baseline 0 0"><span class='ocrx_word' id='word_1_179' title='bbox 0 0 1542 4490; x_wconf 95' lang='lat' dir='ltr'><strong> </strong></span> 
     </span>
    </p>
   </div>
  </div>
 </body>
</html>
