3070 4490
633 387 848 436 OXONIENSIS

710 941 763 982 XCI

278 1036 415 1110 I余-nec
435 1036 523 1097 enim
542 1036 657 1097 vallem
678 1038 828 1114 sedesque
849 1038 991 1098 habitare
1011 1039 1134 1116 quietas

318 1134 432 1211 dignus
453 1155 495 1210 ee,
520 1137 575 1194 aut
594 1134 716 1211 placido
738 1136 821 1196 ruris
842 1137 962 1197 honore
983 1138 1065 1198 frui:

276 1232 395 1292 seilicet
414 1233 474 1293 hos
494 1233 621 1293 imbelle
642 1253 748 1310 genus,
772 1254 873 1312 neque
894 1234 1003 1296 litibus
1024 1239 1142 1314 apium,

318 1330 439 1391 obtinet
460 1330 588 1408 antiquo
610 1331 676 1391 iure
698 1332 843 1410 fovetque
863 1332 956 1393 locos.

275 1429 327 1489 hie
348 1449 514 1489 nemorum
535 1430 638 1489 cultor
659 1430 720 1490 sibi
739 1451 811 1491 mus
832 1431 971 1508 quaesiia
992 1433 1116 1510 rapo-nit

315 1527 473 1602 providus,
496 1527 645 1588 hibernas
665 1529 874 1606 anticipatque
894 1530 998 1604 vices3

275 1625 327 1684 hie
348 1624 465 1701 rigidae
486 1645 619 1702 quercus
638 1626 781 1702 explorat
801 1627 913 1686 robora
932 1626 1028 1704 picus,

314 1723 489 1800 pabulaque
511 1723 546 1782 in
567 1724 646 1784 duro
668 1725 778 1784 coriiee
799 1727 875 1785 nota
895 1725 995 1802 petit余

274 1821 326 1880 hie
347 1821 415 1881 ovis
437 1821 592 1897 attritum,
616 1824 693 1882 dum
713 1843 746 1882 se
767 1823 859 1883 fricat
879 1824 996 1900 arbore,
1020 1828 1168 1887 truncum

314 1940 405 1996 saepe
425 1920 502 1980 facit
521 1921 623 1981 levem
644 1921 699 1998 qui
718 1921 806 1998 prius
826 1941 917 1998 asper
937 1926 1020 1983 erat:

273 2019 325 2077 hie
346 2022 378 2078 et
399 2019 467 2080 ovis
487 2018 571 2078 inter
591 2021 686 2080 noebu
707 2039 804 2096 vagor
824 2019 891 2096 ipse
912 2021 1024 2098 dieque
1035 2044 1043 2097 余

314 2116 400 2192 pacis
420 2137 531 2178 amans
552 2117 697 2193 0118881,
720 2117 806 2195 pacis
826 2117 946 2179 amicus
967 2139 1034 2197 ego.

273 2235 292 2274 a
312 2214 416 2290 miser,
441 2215 588 2291 hospitiis
608 2215 701 2276 abeas
722 2215 777 2292 qui
797 2216 915 2276 talibus
935 2218 1042 2278 exsul!

313 2333 411 2390 paene
431 2317 539 2374 movet
559 2313 704 2374 laorimas
724 2334 793 2375 sors
813 2316 876 2390 tua,
900 2317 996 2391 taure,
1020 2337 1123 2377 meas:

273 2432 337 2472 nen
359 2431 415 2488 ego
437 2411 577 2473 Tiburno
598 2415 720 2472 mutem
741 2412 879 2490 villaque
901 2413 1017 2474 Sabina

313 2510 498 2571 Caesareum
519 2530 637 2570 nomen
658 2511 884 2589 caesareasque
906 2513 1022 2574 domes

271 2612 304 2668 81
324 2609 384 2669 tibi
404 2628 495 2670 mens
517 2610 578 2670 alia
599 2613 664 2672 est:
692 2612 821 2672 sordent
842 2612 902 2673 tibi
922 2613 1005 2673 dona
1026 2612 1140 2690 quietis

313 2709 436 2785 otiaque
457 2709 534 2768 8181
555 2709 630 2786 quid
651 2729 712 2787 pax
733 2710 829 2770 habet
848 2711 933 2770 alma
953 2711 1049 2786 boni余

272 2827 329 2867 nee
350 2807 413 2866 nisi
432 2808 654 2884 magnanimus
674 2808 790 2886 gaudes
810 2808 971 2887 victorque
990 2811 1097 2870 vocari

311 2905 461 2965 Mariius:
489 2906 565 2966 haee
585 2905 681 2983 igitur
702 2926 771 2967 sors
791 2906 852 2965 11111
872 2910 969 2967 188181
982 2908 1092 2982 3-abi.

271 3003 318 3062 nil
338 3024 395 3081 ego
417 3003 539 3080 curabo,
563 3004 645 3064 mihi
666 3004 742 3064 dum
763 3021 829 3064 non
850 3025 959 3065 rursus
980 3007 1112 3082 oberres,

312 3121 367 3162 seu
388 3104 507 3164 Boreae
526 3103 635 3164 venias
655 3103 773 3179 limina,
798 3103 864 3165 sive
885 3104 976 3166 noti-2

269 3202 347 3261 haee
367 3201 427 3261 11111
447 3204 554 3264 caniat
575 3223 673 3264 ovans
695 3201 824 3263 abeunti
846 3203 943 3279 Musa,
967 3204 1107 3282 forisque

312 3300 450 3361 concubii
471 3300 552 3384 11818
572 3303 645 3378 post
665 3303 721 3363 tua
741 3303 829 3382 terga
849 3323 956 3366 manu.

1104 3417 1124 3452 J,
1136 3417 1161 3452 A.
1175 3417 1199 3452 (3.
