3070 4490
615 382 831 432 oxomrusrs
1168 385 1225 448 135
1333 371 1336 376 ’

678 548 779 589 LXXIX

267 645 347 704 Oum
367 644 459 705 video
480 644 603 721 antiqui
624 645 783 721 quondam
804 644 914 704 decora
926 663 1027 706 ¹aurea
1048 642 1141 704 saeoli

307 743 413 803 omnia
433 743 594 803 damnosis
613 744 704 802 eruta
725 742 927 822 temporibus,

266 861 451 919 eversosque
472 842 539 901 solo
560 840 666 916 turris,
691 844 877 916 aeternaque
897 839 973 899 ferri

306 941 418 1000 robora
439 939 567 999 mortali
587 938 713 998 subdita
733 938 902 1010 saevitiae;

267 1059 340 1097 cum
360 1038 452 1098 video
472 1037 586 1097 fluetus
607 1038 729 1113 partem
749 1035 903 1096 violenter
924 1055 1034 1096 avaros

308 1137 430 1196 demere
451 1137 604 1196 harenoso
624 1135 727 1194 litoris
747 1133 887 1210 imperio,

266 1239 298 1294 et
318 1237 436 1294 terram
456 1233 592 1312 liquidas
612 1233 759 1293 invadere
780 1252 890 1292 rursus
911 1231 944 1290 in
966 1231 1075 1306 undas,

308 1336 457 1410 partaque
479 1353 536 1409 pro
558 1332 702 1408 demptis,
726 1351 845 1409 proque
866 1351 923 1407 ope
945 1330 1146 1406 pauperiem

268 1453 341 1492 cum
362 1431 406 1491 sic
426 1431 471 1490 ire
491 1431 574 1492 vices
594 1431 686 1491 video
707 1451 762 1506 per
782 1432 894 1488 mutua
914 1447 1028 1503 rerum,

309 1531 490 1607 factumque
509 1549 528 1588 e
548 1529 657 1589 solidis
678 1528 814 1588 molibus
836 1527 987 1601 exitium3

269 1649 320 1688 me
342 1648 464 1705 quoque
485 1629 575 1687 tanta
595 1627 686 1686 ruina
706 1628 822 1701 monet,
845 1625 1030 1702 quandoque
1052 1625 1196 1684 futurum

311 1730 347 1787 ut
368 1727 496 1786 dirimat
514 1729 655 1786 nostram
676 1728 802 1801 tempus
822 1723 1003 1784 amicitiam.

270 1847 288 1886 o
310 1826 398 1886 dolor
418 1825 610 1900 exanimans,
636 1825 707 1883 oet
728 1822 896 1895 deflendus,
921 1822 1035 1882 habere

310 1925 343 1984 id
364 1923 414 1985 cui
434 1925 630 2000 praemetuas
652 1924 687 1981 tu
708 1923 814 1980 tamen
835 1921 1017 1980 interitum!

1096 2031 1195 2066 &mk

685 2133 771 2173 LXXX

393 2232 463 2291 Hoc
484 2232 564 2290 tecta
584 2229 686 2288 reddit
706 2231 781 2288 nota
801 2228 950 2305 puertiae,

393 2329 491 2390 scalas
512 2327 652 2388 sonantis
672 2326 829 2404 gressibus
851 2327 961 2403 Orbili,

434 2427 532 2488 incisa
554 2447 615 2504 qua
634 2427 753 2502 scalpro
774 2427 895 2502 procaci

474 2525 603 2585 nomina
623 2524 795 2601 parietibus
815 2528 1000 2600 supersunt-;
1049 2587 1052 2595 ,

394 2626 446 2685 hic
466 2628 499 2685 et
519 2625 592 2684 silet
611 2644 673 2683 vox
694 2624 779 2682 clara
799 2623 954 2682 sodalium
975 2626 1006 2683 et

394 2723 476 2782 risus
497 2725 604 2782 acutae
625 2724 656 2780 et
676 2721 769 2780 nenia
790 2720 892 2795 tibiae,

435 2821 600 2896 discusque
621 2819 740 2879 tinnitu
762 2818 893 2878 molesto

476 2917 532 2994 qui
552 2937 683 2978 vacuam
703 2917 837 2992 strepuit
857 2936 912 2992 per
931 2916 1045 2976 aulam.

395 3037 421 3091 a,
445 3016 520 3075 tolle
541 3016 672 3075 vinumi
701 3016 765 3074 iam
786 3034 886 3091 neque
907 3014 1024 3074 talibus

397 3115 487 3174 ardor
507 3117 635 3173 renatus
655 3112 774 3172 deliciis
795 3114 873 3188 eget,

436 3212 589 3289 priscique
610 3231 665 3287 per
684 3230 780 3270 venas
802 3229 922 3269 amores

477 3310 588 3370 mitius
609 3313 705 3386 utque
726 3308 794 3367 seni
814 3308 978 3368 calescunt.

396 3410 532 3488 potanda
553 3409 594 3469 sit
615 3408 667 3468 vel
688 3406 826 3484 lympha,
849 3406 1008 3466 videbitur

397 3511 456 3570 hac
475 3510 565 3569 nocte
587 3508 688 3569 Canae
709 3506 780 3566 fusa
799 3505 935 3582 repotiis,

437 3609 585 3684 iussuque
607 3606 714 3666 divino
734 3605 908 3680 rubescens,

478 3705 601 3784 dignior
619 3706 652 3765 et
672 3704 737 3765 face
757 3702 900 3780 nuptiali.

1056 3813 1198 3850 REAEE
