3070 4490
635 397 851 448 οκοηιενεις
1186 403 1244 468 139

282 554 292 613 i
314 575 406 626 nunc,
431 555 527 631 docte,
552 556 666 620 Chloes
688 558 787 618 risum
809 558 889 618 mihi
910 558 1002 636 pinge
1023 559 1145 636 tabella,

322 673 437 730 perque
459 656 550 715 notas
570 655 690 715 similes
711 659 777 715 arte
797 677 955 734 manuque
975 657 1072 718 refer:

283 752 420 829 Cynthia
441 753 495 812 sed
517 771 604 812 sacro
624 757 751 814 maneat
771 755 949 814 veneranda
968 758 1083 832 poetae,

323 851 466 927 Cynthia,
492 870 548 910 ceu
570 851 675 912 divam
697 872 793 929 quam
814 852 881 912 sine
902 853 964 912 fine
986 854 1094 914 colam.

1144 965 1176 1000 W.
1188 966 1211 999 1„

682 1341 809 1382 ταωνι

287 1435 371 1500 Ἔνθ’
394 1437 412 1498 5
432 1462 468 1518 γε
490 1434 619 1520 ἠχήεντ’,
643 1437 801 1518 εὐηγεσίης
823 1436 856 1501 ἐὺ
878 1438 973 1516 είδάς,

289 1541 408 1620 δόματα
430 1546 495 1605 ναῖε
516 1542 612 1623 γέρων
635 1540 743 1606 παῖδάς
766 1541 790 1603 τ’
815 1541 938 1622 ὀλίγους
961 1542 1125 1620 ἐδίδασκεν,

290 1645 403 1710 αίδοῖος
425 1645 598 1724 νεμεσητός,
621 1645 639 1706 5
661 1646 706 1710 τίς
730 1648 798 1710 ἑθεν
820 1645 1001 1710 ἀντιάσειεν·

291 1746 323 1810 εά
344 1746 378 1810 δέ
400 1752 415 1812 ἑ
438 1745 498 1834 ᾔδε’
521 1749 589 1831 ἐγώ,
611 1747 675 1835 ᾔδει
697 1750 730 1811 δέ
754 1745 802 1812 καὶ
826 1750 859 1815 ὅς
882 1749 907 1812 κ’
930 1749 1075 1813 ἀλίτοιτο.

291 1851 323 1916 εά
345 1855 378 1916 δὲ
400 1858 453 1916 τοῦ
476 1851 525 1935 ήρι
547 1851 619 1930 μάλ’
642 1853 717 1932 ὄψιν
740 1842 856 1932 ἀκήριοι
879 1853 1075 1937 εἰσορόωντες

292 1945 429 2032 ὄσσονθ’,
451 1957 491 2022 ὥς
512 1958 551 2040 ῥα
573 1955 637 2019 κάκ’
660 1955 738 2036 ήμαρ
761 1953 810 2019 ἐπὶ
833 1958 926 2035 σφίσι
950 1956 1040 2037 κήδεα
1062 1956 1185 2020 πέσσοι·

291 2059 323 2123 εά
346 2063 378 2125 δέ
400 2059 483 2139 μάλα
505 2063 667 2142 γναθμοῖσι
689 2060 832 2141 γελοίαον
855 2061 1073 2141 ἀλλοτρίοισιν,

292 2166 369 2227 εἴτι
391 2169 514 2246 γελοῖον
536 2165 627 2228 ἔειπε·
657 2168 764 2246 γελοῖα
786 2163 811 2227 δ’
835 2166 852 2227 5
874 2162 902 2247 γ’
925 2163 1043 2228 άσπετα
1064 2163 1138 2251 ᾔδει.

290 2266 344 2349 ῥεῖ’
366 2267 428 2330 αὖτ’
452 2268 524 2331 ἔνθα
547 2265 595 2330 καὶ
617 2268 688 2332 ἔνθα
711 2267 801 2349 φάτις
824 2267 971 2350 στρέφετ’,
987 2267 1044 2347 ἦκα
1067 2274 1182 2342 κιοῦσα,

294 2372 440 2452 ἀγγελίην
461 2370 613 2435 ἐνέπουσα
635 2371 736 2450 κακήν,
759 2371 803 2434 ὅθ’
826 2372 940 2452 ὑπόδρα
960 2374 1064 2436 ἴδοιτο·

293 2477 325 2540 ὅς
349 2501 385 2557 γε
405 2477 460 2554 μὲν
482 2473 570 2554 ἤπιος
592 2475 673 2553 ἔσκε,
696 2473 745 2539 καὶ
767 2475 796 2540 εί
815 2502 843 2539 τι
867 2477 916 2540 καὶ
938 2475 1043 2558 ἀγριον
1065 2476 1154 2556 έρδοι,

292 2581 386 2645 αίτιος
408 2579 445 2658 ἦν
467 2580 518 2643 οὐκ
542 2579 637 2660 αὐτός,
659 2579 726 2662 ἔρος
748 2580 772 2643 δ’
796 2581 910 2662 ἀρετῆς,
933 2579 968 2644 δν
990 2580 1125 2664 ἔχεσκεν.

294 2684 399 2765 εὔχετο
420 2683 480 2764 μὰν
503 2687 562 2749 πᾶς
584 2687 686 2764 δῆμος,
708 2685 785 2750 ὅσον
807 2681 989 2766 πραπίδεσσ’
1012 2683 1164 2762 ἐκέκαστο,

294 2787 332 2853 ὡς
354 2784 516 2866 πεμπάζετ’
540 2787 746 2867 ἐπισταμένως
769 2783 817 2851 καὶ
839 2785 961 2866 σήματα
982 2786 1046 2872 ᾔδει

293 2891 327 2954 έν
347 2891 452 2955 πίνακι
473 2892 591 2972 γράψαι
614 2891 663 2954 καὶ
685 2888 893 2971 μετρήσασθαι
916 2888 1050 2971 ἀρούρας·

294 2999 354 3076 γνῶ
378 2993 404 3058 δ’
426 2995 444 3056 5
465 3019 501 3076 γε
522 2998 584 3057 πῖιν
605 2995 727 3074 τέκμωρ,
750 2992 793 3057 ὅτ’
815 2990 933 3071 ἀέξοιτο
955 2991 1034 3073 μέγα
1056 2998 1141 3068 κῦμα,

293 3099 385 3180 μέτρα
407 3096 433 3160 τ’
458 3098 602 3161 ἐπίστατο
624 3094 740 3179 κρόφθ·
771 3097 789 3176 ἡ
812 3100 870 3178 γὰρ
893 3094 966 3160 πέλε
988 3095 1081 3176 δήμοο
1104 3097 1204 3178 φῆμις.

295 3201 392 3281 Ζηνὸς
414 3201 438 3265 δ’
463 3201 540 3281 ἱρεὺς
562 3200 633 3287 ᾔδε’,
656 3201 673 3263 5
695 3199 721 3284 ῤ’
745 3201 802 3282 οὐχ
823 3199 973 3281 ἡμάρτανε
994 3200 1104 3280 μύθων,

294 3306 425 3385 νικηθεὶς
447 3303 504 3388 γὰρ
527 3306 545 3368 5
567 3302 594 3386 γ’
615 3306 681 3368 αῑδν
704 3305 749 3368 έτι
771 3304 939 3369 πλεόνεσσι
962 3303 1073 3368 έπεσσι

293 3409 397 3489 βάζεν·
423 3409 537 3490 άμετρα
557 3411 589 3473 δὲ
612 3410 716 3470 πολλὰ
739 3409 788 3470 καὶ
810 3407 861 3471 οάκ
885 3406 1022 3470 ἐπιδευέα
1042 3405 1120 3490 ἠχῆς

294 3517 326 3577 ἐκ
349 3513 461 3596 φρένας
484 3511 658 3596 ἀγρομένων
680 3510 880 3594 πεπλήγεοαν
903 3512 1083 3593 ἀγροιωτῶν.

295 3621 324 3684 ἐς
348 3619 381 3682 δὲ
402 3619 466 3682 ίδον
489 3622 589 3699 φωτὸς
612 3613 760 3698 κεφαλήν,
779 3614 897 3696 θάμβος
919 3613 944 3678 δ’
967 3615 1021 3698 έχε
1042 3613 1167 3688 πάντας,

295 3723 334 3788 ὡς
356 3721 447 3802 τυτθή
469 3747 525 3802 περ
548 3723 640 3784 ἐοῦσα
662 3721 757 3803 χάδεν
779 3721 895 3784 τόσσον
919 3721 991 3784 νόον
1013 3719 1108 3782 ένδον.

1118 3833 1140 3870 τ.
1154 3833 1177 3869 1..
1190 3832 1216 3868 κ.
