3094 4494
631 368 849 418 OXONIENSIS

689 829 783 871 XXVII

363 930 546 1008 Τυραννικόν
568 923 629 991 τόδ’
654 925 743 1009 ἔργον
767 928 923 1009 εἴργασται
946 925 1052 1008 φόνου,

363 1025 467 1093 ἄλλως
489 1027 545 1105 μὲν
568 1025 621 1090 οὖν
643 1026 796 1110 ἔχθιστον,
820 1024 870 1093 οὓς
893 1023 917 1090 δ’
941 1025 1111 1108 ιἰπέθρισεν,

363 1130 512 1214 ἄλγιστον
535 1133 627 1194 ἔλθδν
649 1133 691 1195 ὧν
713 1128 848 1210 ξόνοιδεν
869 1130 924 1210 ἥδε
945 1133 993 1211 γῆ.

363 1237 393 1298 οἱ
414 1237 473 1317 γδρ
494 1238 660 1318 πανοῦργοι
683 1236 732 1300 καὶ
753 1233 913 1315 μιαιφόυοι
937 1235 1021 1301 κύνες

363 1336 413 1404 οδς
437 1337 472 1417 δη
494 1335 539 1403 ’πὶ
561 1336 641 1418 τήνδ’
666 1339 792 1404 ἔστειλα
814 1342 954 1420 δυσσεβῆ
976 1337 1074 1423 χάριν,

365 1439 413 1506 καὶ
436 1440 517 1524 κάρτ’
542 1443 675 1522 ἐλεινῶς,
697 1441 826 1508 θόυατον
847 1442 995 1509 αὗδῶυτες
1017 1440 1138 1519 τέκνων,

362 1544 505 1626 δάκρυσιν
527 1545 640 1626 ἔφυρον
660 1544 760 1611 πόντα
783 1547 831 1611 καὶ
853 1548 937 1629 γόοις
959 1547 1062 1630 λόγον.

362 1651 379 1712 ὁ
400 1650 457 1728 μὲν
479 1651 537 1732 γὰρ
558 1648 671 1733 ἤρχεθ’,
695 1648 800 1731 ἅτερος
822 1648 848 1714 δ’
870 1647 1052 1731 ὑφήρπασεν

362 1751 470 1836 λέγων,
493 1754 607 1818 ἔκειντο
629 1753 655 1818 δ’
678 1752 728 1818 ὧδ’
750 1752 795 1831 ἄρ’
818 1754 848 1816 οἱ
872 1758 1043 1835 νεοτρεφεῖς

362 1854 455 1939 δβροὶ
476 1857 610 1932 νεοσσοί,
635 1858 734 1940 πῆχυν
757 1854 902 1936 ἀλλήλων
923 1854 1011 1938 πέριξ

362 1959 471 2042 χέαντε
493 1960 610 2038 λευκόν,
632 1961 747 2040 δσεβές
770 1960 856 2024 οὐδὲν
878 1959 983 2024 εἰδότε.

362 2063 410 2129 καὶ
432 2063 493 2144 μὴν
513 2063 550 2130 τὰ
572 2065 672 2147 χείλη,
694 2062 818 2145 τέσσαρ’
840 2065 872 2127 ἔκ
896 2069 979 2128 δυοῖν
1001 2065 1075 2142 ὁμοῦ

361 2165 506 2248 πεφυκόθ
529 2167 632 2249 ὥσπερ
655 2165 691 2246 ἔξ
711 2170 778 2234 ἑνὸς
801 2171 916 2233 κλωνδς
937 2165 1022 2250 ῥόδα,

361 2270 462 2350 θερινὴ
485 2268 613 2353 ξυνῆγεν
635 2272 674 2336 ὥς
697 2297 742 2338 τις
765 2268 802 2349 ἔξ
821 2272 934 2351 ἀμφοῖν
956 2269 1042 2350 πνοή.

361 2371 398 2454 ἦν
421 2373 446 2438 δ’
469 2373 522 2437 οὖν
544 2377 609 2438 ἐκεῖ
627 2401 673 2442 τις
694 2375 828 2455 πλησίον
849 2372 1003 2456 παρηΐδων

359 2477 476 2558 βίβλος
500 2483 685 2562 προσευχῶν,
705 2475 725 2558 ἣ
749 2479 861 2560 σχεδόν
882 2479 913 2542 τι’
932 2504 984 2559 μοι
1007 2477 1080 2546 τέως

360 2583 481 2663 γνώμην
504 2580 640 2664 ἔτρεφεν·
671 2581 741 2645 ἀλλ’
764 2583 865 2663 ἀραῖος
887 2581 933 2664 ἆρ’
956 2582 1027 2664 έγό.

362 2685 454 2749 εῑπιδν
476 2683 566 2764 ἔληξε
588 2683 679 2767 ταῦθ’,
702 2687 718 2749 ὁ
740 2685 766 2750 δ’
788 2683 899 2764 ἤνυσεν
921 2686 1026 2769 λόγον·

362 2789 489 2851 ἐνταῦθα
511 2787 547 2868 δὴ
569 2789 728 2871 πνέγοντες
752 2787 962 2870 ἔξοπόλλυμεν

359 2891 468 2970 ἥδιστα
491 2890 612 2971 φύσεως
635 2892 717 2975 ἔργα,
739 2891 903 2974 παγκοίνου
926 2895 1005 2967 θεᾶς,

359 2994 490 3077 χαρίτων
510 3021 545 3059 τε
567 2996 604 3076 δὴ
626 2995 810 3076 πληρέσταθ’
833 2996 875 3059 ὧν
897 2993 994 3075 ἔφυσέ
1017 3019 1073 3058 πω.

360 3098 409 3161 καὶ
432 3097 468 3178 δὴ
490 3096 606 3178 βεβᾶσ’
631 3099 776 3163 ἐντεῦθεν·
809 3100 842 3161 ἔκ
865 3097 889 3161 δ’
913 3099 1027 3178 ἆμφοῖν
1049 3097 1107 3180 θρα

358 3204 410 3265 τὸν
433 3199 549 3265 πλείον’
572 3198 743 3282 ἔξαφείλετ’
766 3201 895 3285 αἰσχύνη
918 3202 1021 3284 λόγον.

358 3305 417 3386 ἐγὼ
441 3304 467 3368 δ’
489 3305 576 3385 ἀφείς
599 3329 646 3369 νιν
669 3303 795 3389 κοιρόνιρ
817 3303 980 3387 πορεύομαι

357 3410 474 3475 τοιόνδε
496 3413 611 3492 πρῖιγος
633 3407 674 3494 τῷ
691 3409 843 3495 μιαιφόνῳ
867 3407 978 3492 φέρων.

1134 3525 1159 3561 ι.
1171 3524 1195 3562 ο.
