<?xml version="1.0" encoding="UTF-8"?>
<!DOCTYPE html PUBLIC "-//W3C//DTD XHTML 1.0 Transitional//EN"
    "http://www.w3.org/TR/xhtml1/DTD/xhtml1-transitional.dtd">
<html xmlns="http://www.w3.org/1999/xhtml" xml:lang="en" lang="en">
 <head>
  <title>
</title>
<meta http-equiv="Content-Type" content="text/html;charset=utf-8" />
  <meta name='ocr-system' content='tesseract 3.04.00' />
  <meta name='ocr-capabilities' content='ocr_page ocr_carea ocr_par ocr_line ocrx_word'/>
</head>
<body>
  <div class='ocr_page' id='page_1' title='image "./novaanthologiao00godlgoog/novaanthologiao00godlgoog_0021.png"; bbox 0 0 3094 4494; ppageno 0'>
   <div class='ocr_carea' id='block_1_1' title="bbox 639 386 855 436">
    <p class='ocr_par' dir='ltr' id='par_1_1' title="bbox 639 386 855 436">
     <span class='ocr_line' id='line_1_1' title="bbox 639 386 855 436; baseline 0.014 -3"><span class='ocrx_word' id='word_1_1' title='bbox 639 386 855 436; x_wconf 84' lang='lat' dir='ltr'>OXONIENSIS</span> 
     </span>
    </p>
   </div>
   <div class='ocr_carea' id='block_1_2' title="bbox 286 562 1175 1679">
    <p class='ocr_par' dir='ltr' id='par_1_2' title="bbox 286 562 1175 1679">
     <span class='ocr_line' id='line_1_2' title="bbox 725 562 767 604; baseline 0 0"><span class='ocrx_word' id='word_1_2' title='bbox 725 562 767 604; x_wconf 89' lang='lat'>111</span> 
     </span>
     <span class='ocr_line' id='line_1_3' title="bbox 286 657 1097 736; baseline 0.001 -18"><span class='ocrx_word' id='word_1_3' title='bbox 286 658 431 718; x_wconf 80' lang='lat' dir='ltr'><strong>Vivimus</strong></span> <span class='ocrx_word' id='word_1_4' title='bbox 450 658 587 720; x_wconf 78' lang='lat' dir='ltr'>infantes</span> <span class='ocrx_word' id='word_1_5' title='bbox 607 658 692 719; x_wconf 91' lang='lat' dir='ltr'>haud</span> <span class='ocrx_word' id='word_1_6' title='bbox 712 679 808 736; x_wconf 87' lang='lat' dir='ltr'>parvo</span> <span class='ocrx_word' id='word_1_7' title='bbox 828 658 947 719; x_wconf 92' lang='lat' dir='ltr'>lumine</span> <span class='ocrx_word' id='word_1_8' title='bbox 969 657 1097 719; x_wconf 86' lang='lat' dir='ltr'>divum:</span> 
     </span>
     <span class='ocr_line' id='line_1_4' title="bbox 287 763 1029 844; baseline 0 -18"><span class='ocrx_word' id='word_1_9' title='bbox 287 763 451 842; x_wconf 80' lang='lat' dir='ltr'><strong>paullatim</strong></span> <span class='ocrx_word' id='word_1_10' title='bbox 471 765 575 844; x_wconf 84' lang='lat' dir='ltr'>urgeri</span> <span class='ocrx_word' id='word_1_11' title='bbox 595 764 732 826; x_wconf 82' lang='lat' dir='ltr'>tenebris</span> <span class='ocrx_word' id='word_1_12' title='bbox 752 768 784 826; x_wconf 86' lang='lat' dir='ltr'>et</span> <span class='ocrx_word' id='word_1_13' title='bbox 804 785 922 826; x_wconf 87' lang='lat' dir='ltr'>oaroere</span> <span class='ocrx_word' id='word_1_14' title='bbox 942 785 1029 826; x_wconf 84' lang='lat' dir='ltr'>oaeoo</span> 
     </span>
     <span class='ocr_line' id='line_1_5' title="bbox 287 870 1013 950; baseline 0 -18"><span class='ocrx_word' id='word_1_15' title='bbox 287 872 442 949; x_wconf 78' lang='lat' dir='ltr'>incipiunt</span> <span class='ocrx_word' id='word_1_16' title='bbox 461 872 568 950; x_wconf 83' lang='lat' dir='ltr'>pueri:</span> <span class='ocrx_word' id='word_1_17' title='bbox 595 873 701 932; x_wconf 90' lang='lat' dir='ltr'>tamen</span> <span class='ocrx_word' id='word_1_18' title='bbox 721 870 771 930; x_wconf 93' lang='lat' dir='ltr'>illi</span> <span class='ocrx_word' id='word_1_19' title='bbox 791 871 922 932; x_wconf 84' lang='lat' dir='ltr'>luminis</span> <span class='ocrx_word' id='word_1_20' title='bbox 943 892 1013 932; x_wconf 76' lang='lat' dir='ltr'>orae</span> 
     </span>
     <span class='ocr_line' id='line_1_6' title="bbox 287 977 1168 1056; baseline 0 -17"><span class='ocrx_word' id='word_1_21' title='bbox 287 979 463 1056; x_wconf 78' lang='lat' dir='ltr'>dispiciunt,</span> <span class='ocrx_word' id='word_1_22' title='bbox 486 979 669 1056; x_wconf 76' lang='lat' dir='ltr'>fontemque</span> <span class='ocrx_word' id='word_1_23' title='bbox 688 977 801 1056; x_wconf 86' lang='lat' dir='ltr'>ipsum,</span> <span class='ocrx_word' id='word_1_24' title='bbox 826 979 1023 1056; x_wconf 80' lang='lat' dir='ltr'>gaudentque</span> <span class='ocrx_word' id='word_1_25' title='bbox 1043 978 1168 1039; x_wconf 88' lang='lat' dir='ltr'>tuendo.</span> 
     </span>
     <span class='ocr_line' id='line_1_7' title="bbox 287 1083 1175 1162; baseline 0 -16"><span class='ocrx_word' id='word_1_26' title='bbox 287 1086 434 1147; x_wconf 80' lang='lat' dir='ltr'>continuo</span> <span class='ocrx_word' id='word_1_27' title='bbox 455 1087 493 1146; x_wconf 83' lang='lat' dir='ltr'>ut</span> <span class='ocrx_word' id='word_1_28' title='bbox 511 1085 634 1145; x_wconf 81' lang='lat' dir='ltr'>iuvenis</span> <span class='ocrx_word' id='word_1_29' title='bbox 654 1083 718 1144; x_wconf 93' lang='lat' dir='ltr'>iam</span> <span class='ocrx_word' id='word_1_30' title='bbox 739 1083 856 1160; x_wconf 88' lang='lat' dir='ltr'>templa</span> <span class='ocrx_word' id='word_1_31' title='bbox 876 1084 1007 1144; x_wconf 80' lang='lat' dir='ltr'>orientia</span> <span class='ocrx_word' id='word_1_32' title='bbox 1027 1084 1175 1162; x_wconf 79' lang='lat' dir='ltr'>linquens</span> 
     </span>
     <span class='ocr_line' id='line_1_8' title="bbox 288 1191 1142 1270; baseline 0.001 -19"><span class='ocrx_word' id='word_1_33' title='bbox 288 1193 385 1270; x_wconf 77' lang='lat' dir='ltr'>carpit</span> <span class='ocrx_word' id='word_1_34' title='bbox 404 1192 471 1267; x_wconf 87' lang='lat' dir='ltr'>iter,</span> <span class='ocrx_word' id='word_1_35' title='bbox 495 1193 602 1251; x_wconf 90' lang='lat' dir='ltr'>tamen</span> <span class='ocrx_word' id='word_1_36' title='bbox 622 1191 774 1268; x_wconf 80' lang='lat' dir='ltr'>interpres</span> <span class='ocrx_word' id='word_1_37' title='bbox 794 1193 979 1268; x_wconf 82' lang='lat' dir='ltr'>sanetusque</span> <span class='ocrx_word' id='word_1_38' title='bbox 1001 1192 1142 1252; x_wconf 76' lang='lat' dir='ltr'>sacerdos</span> 
     </span>
     <span class='ocr_line' id='line_1_9' title="bbox 287 1297 1108 1375; baseline 0.001 -17"><span class='ocrx_word' id='word_1_39' title='bbox 287 1301 415 1359; x_wconf 87' lang='lat' dir='ltr'>naturae</span> <span class='ocrx_word' id='word_1_40' title='bbox 434 1299 500 1359; x_wconf 84' lang='lat' dir='ltr'>eat:</span> <span class='ocrx_word' id='word_1_41' title='bbox 527 1297 666 1374; x_wconf 85' lang='lat' dir='ltr'>adiulget</span> <span class='ocrx_word' id='word_1_42' title='bbox 687 1297 775 1357; x_wconf 86' lang='lat' dir='ltr'>eunti</span> <span class='ocrx_word' id='word_1_43' title='bbox 796 1316 910 1375; x_wconf 82' lang='lat' dir='ltr'>magna</span> <span class='ocrx_word' id='word_1_44' title='bbox 930 1297 1025 1357; x_wconf 88' lang='lat' dir='ltr'>deum</span> <span class='ocrx_word' id='word_1_45' title='bbox 1045 1297 1108 1360; x_wconf 86' lang='lat' dir='ltr'>lux.</span> 
     </span>
     <span class='ocr_line' id='line_1_10' title="bbox 287 1403 1160 1483; baseline -0.001 -18"><span class='ocrx_word' id='word_1_46' title='bbox 287 1405 410 1483; x_wconf 92' lang='lat' dir='ltr'>iamque</span> <span class='ocrx_word' id='word_1_47' title='bbox 430 1405 507 1479; x_wconf 88' lang='lat' dir='ltr'>viro,</span> <span class='ocrx_word' id='word_1_48' title='bbox 532 1403 681 1482; x_wconf 89' lang='lat' dir='ltr'>quoniam</span> <span class='ocrx_word' id='word_1_49' title='bbox 701 1403 811 1480; x_wconf 89' lang='lat' dir='ltr'>plenae</span> <span class='ocrx_word' id='word_1_50' title='bbox 833 1406 920 1464; x_wconf 87' lang='lat' dir='ltr'>stant</span> <span class='ocrx_word' id='word_1_51' title='bbox 939 1403 1048 1464; x_wconf 88' lang='lat' dir='ltr'>robore</span> <span class='ocrx_word' id='word_1_52' title='bbox 1068 1404 1160 1479; x_wconf 82' lang='lat' dir='ltr'>vires,</span> 
     </span>
     <span class='ocr_line' id='line_1_11' title="bbox 288 1509 1069 1589; baseline -0.001 -17"><span class='ocrx_word' id='word_1_53' title='bbox 288 1531 412 1572; x_wconf 90' lang='lat' dir='ltr'>aurorae</span> <span class='ocrx_word' id='word_1_54' title='bbox 431 1511 575 1589; x_wconf 84' lang='lat' dir='ltr'>proprius</span> <span class='ocrx_word' id='word_1_55' title='bbox 593 1510 685 1588; x_wconf 86' lang='lat' dir='ltr'>periit</span> <span class='ocrx_word' id='word_1_56' title='bbox 705 1509 807 1585; x_wconf 85' lang='lat' dir='ltr'>rubor,</span> <span class='ocrx_word' id='word_1_57' title='bbox 831 1511 937 1571; x_wconf 89' lang='lat' dir='ltr'>omnia</span> <span class='ocrx_word' id='word_1_58' title='bbox 957 1511 1069 1572; x_wconf 90' lang='lat' dir='ltr'>deinde</span> 
     </span>
     <span class='ocr_line' id='line_1_12' title="bbox 287 1617 907 1679; baseline -0.002 -1"><span class='ocrx_word' id='word_1_59' title='bbox 287 1619 418 1679; x_wconf 81' lang='lat' dir='ltr'>albentia</span> <span class='ocrx_word' id='word_1_60' title='bbox 438 1619 542 1679; x_wconf 89' lang='lat' dir='ltr'>media</span> <span class='ocrx_word' id='word_1_61' title='bbox 561 1619 725 1678; x_wconf 85' lang='lat' dir='ltr'>mutantur</span> <span class='ocrx_word' id='word_1_62' title='bbox 745 1618 815 1678; x_wconf 84' lang='lat' dir='ltr'>luae</span> <span class='ocrx_word' id='word_1_63' title='bbox 835 1617 907 1678; x_wconf 87' lang='lat' dir='ltr'>diei.</span> 
     </span>
    </p>
   </div>
   <div class='ocr_carea' id='block_1_3' title="bbox 1108 1729 1211 1767">
    <p class='ocr_par' dir='ltr' id='par_1_3' title="bbox 1108 1729 1211 1767">
     <span class='ocr_line' id='line_1_13' title="bbox 1108 1729 1211 1767; baseline 0 -2"><span class='ocrx_word' id='word_1_64' title='bbox 1108 1729 1211 1767; x_wconf 49' lang='grc' dir='ltr'>ΕΒΑ.</span> 
     </span>
    </p>
   </div>
   <div class='ocr_carea' id='block_1_4' title="bbox 728 1921 765 1965">
    <p class='ocr_par' dir='ltr' id='par_1_4' title="bbox 728 1921 765 1965">
     <span class='ocr_line' id='line_1_14' title="bbox 728 1921 765 1965; baseline 0 -3"><span class='ocrx_word' id='word_1_65' title='bbox 728 1921 765 1965; x_wconf 79' lang='lat' dir='ltr'>lv</span> 
     </span>
    </p>
   </div>
   <div class='ocr_carea' id='block_1_5' title="bbox 247 2019 1123 2195">
    <p class='ocr_par' dir='ltr' id='par_1_5' title="bbox 247 2019 1123 2195">
     <span class='ocr_line' id='line_1_15' title="bbox 248 2019 1123 2096; baseline 0.002 -17"><span class='ocrx_word' id='word_1_66' title='bbox 248 2021 317 2079; x_wconf 91' lang='lat' dir='ltr'>Iam</span> <span class='ocrx_word' id='word_1_67' title='bbox 339 2019 488 2080; x_wconf 86' lang='lat' dir='ltr'>tremulae</span> <span class='ocrx_word' id='word_1_68' title='bbox 509 2019 543 2078; x_wconf 92' lang='lat' dir='ltr'>in</span> <span class='ocrx_word' id='word_1_69' title='bbox 564 2020 648 2079; x_wconf 84' lang='lat' dir='ltr'>saxis</span> <span class='ocrx_word' id='word_1_70' title='bbox 667 2019 846 2080; x_wconf 81' lang='lat' dir='ltr'>instaurant</span> <span class='ocrx_word' id='word_1_71' title='bbox 865 2020 988 2081; x_wconf 93' lang='lat' dir='ltr'>lumina</span> <span class='ocrx_word' id='word_1_72' title='bbox 1008 2020 1123 2096; x_wconf 88' lang='lat' dir='ltr'>taedae,</span> 
     </span>
     <span class='ocr_line' id='line_1_16' title="bbox 247 2117 996 2195; baseline 0 -17"><span class='ocrx_word' id='word_1_73' title='bbox 247 2117 349 2195; x_wconf 82' lang='lat' dir='ltr'>vergit</span> <span class='ocrx_word' id='word_1_74' title='bbox 368 2118 462 2194; x_wconf 87' lang='lat' dir='ltr'>longa</span> <span class='ocrx_word' id='word_1_75' title='bbox 482 2117 555 2192; x_wconf 80' lang='lat' dir='ltr'>dies,</span> <span class='ocrx_word' id='word_1_76' title='bbox 579 2117 728 2178; x_wconf 79' lang='lat' dir='ltr'>successit</span> <span class='ocrx_word' id='word_1_77' title='bbox 748 2118 836 2178; x_wconf 86' lang='lat' dir='ltr'>tarda</span> <span class='ocrx_word' id='word_1_78' title='bbox 855 2117 996 2180; x_wconf 81' lang='lat' dir='ltr'>vicissim</span> 
     </span>
    </p>
   </div>
   <div class='ocr_carea' id='block_1_6' title="bbox 113 2215 1183 2686">
    <p class='ocr_par' dir='ltr' id='par_1_6' title="bbox 246 2215 1143 2491">
     <span class='ocr_line' id='line_1_17' title="bbox 247 2215 1077 2293; baseline 0.001 -18"><span class='ocrx_word' id='word_1_79' title='bbox 247 2216 323 2276; x_wconf 92' lang='lat' dir='ltr'>luna</span> <span class='ocrx_word' id='word_1_80' title='bbox 343 2215 422 2292; x_wconf 86' lang='lat' dir='ltr'>polo,</span> <span class='ocrx_word' id='word_1_81' title='bbox 446 2215 634 2293; x_wconf 75' lang='lat' dir='ltr'>planctuque</span> <span class='ocrx_word' id='word_1_82' title='bbox 654 2218 688 2277; x_wconf 88' lang='lat' dir='ltr'>et</span> <span class='ocrx_word' id='word_1_83' title='bbox 707 2216 809 2277; x_wconf 87' lang='lat' dir='ltr'>multa</span> <span class='ocrx_word' id='word_1_84' title='bbox 829 2237 903 2278; x_wconf 82' lang='lat' dir='ltr'>vooe</span> <span class='ocrx_word' id='word_1_85' title='bbox 923 2216 1077 2277; x_wconf 82' lang='lat' dir='ltr'>morantis</span> 
     </span>
     <span class='ocr_line' id='line_1_18' title="bbox 246 2313 1143 2393; baseline 0.003 -20"><span class='ocrx_word' id='word_1_86' title='bbox 246 2313 332 2374; x_wconf 91' lang='lat' dir='ltr'>unda</span> <span class='ocrx_word' id='word_1_87' title='bbox 352 2316 459 2390; x_wconf 86' lang='lat' dir='ltr'>vooat;</span> <span class='ocrx_word' id='word_1_88' title='bbox 486 2334 586 2392; x_wconf 90' lang='lat' dir='ltr'>neque</span> <span class='ocrx_word' id='word_1_89' title='bbox 606 2314 692 2375; x_wconf 91' lang='lat' dir='ltr'>enim</span> <span class='ocrx_word' id='word_1_90' title='bbox 712 2334 780 2375; x_wconf 84' lang='lat' dir='ltr'>aero</span> <span class='ocrx_word' id='word_1_91' title='bbox 801 2335 883 2376; x_wconf 89' lang='lat' dir='ltr'>nova</span> <span class='ocrx_word' id='word_1_92' title='bbox 903 2314 1062 2393; x_wconf 88' lang='lat' dir='ltr'>quaeritur</span> <span class='ocrx_word' id='word_1_93' title='bbox 1082 2333 1143 2376; x_wconf 85' lang='lat' dir='ltr'>ora.</span> 
     </span>
     <span class='ocr_line' id='line_1_19' title="bbox 248 2412 1041 2491; baseline 0.001 -19"><span class='ocrx_word' id='word_1_94' title='bbox 248 2431 321 2489; x_wconf 82' lang='lat' dir='ltr'>ergo</span> <span class='ocrx_word' id='word_1_95' title='bbox 341 2412 431 2490; x_wconf 86' lang='lat' dir='ltr'>agite,</span> <span class='ocrx_word' id='word_1_96' title='bbox 450 2433 468 2472; x_wconf 95' lang='lat' dir='ltr'>o</span> <span class='ocrx_word' id='word_1_97' title='bbox 490 2412 573 2489; x_wconf 88' lang='lat' dir='ltr'>soaii,</span> <span class='ocrx_word' id='word_1_98' title='bbox 598 2413 693 2474; x_wconf 83' lang='lat' dir='ltr'>remis</span> <span class='ocrx_word' id='word_1_99' title='bbox 713 2413 894 2475; x_wconf 80' lang='lat' dir='ltr'>incumbere</span> <span class='ocrx_word' id='word_1_100' title='bbox 915 2416 1041 2491; x_wconf 84' lang='lat' dir='ltr'>tempus</span> 
     </span>
    </p>

    <p class='ocr_par' dir='ltr' id='par_1_7' title="bbox 113 2510 1183 2686">
     <span class='ocr_line' id='line_1_20' title="bbox 248 2510 1109 2589; baseline 0.005 -20"><span class='ocrx_word' id='word_1_101' title='bbox 248 2510 356 2571; x_wconf 88' lang='lat' dir='ltr'>ordine</span> <span class='ocrx_word' id='word_1_102' title='bbox 377 2530 530 2588; x_wconf 91' lang='lat' dir='ltr'>quemque</span> <span class='ocrx_word' id='word_1_103' title='bbox 550 2530 608 2571; x_wconf 81' lang='lat' dir='ltr'>auo</span> <span class='ocrx_word' id='word_1_104' title='bbox 629 2511 803 2589; x_wconf 85' lang='lat' dir='ltr'>pariterque</span> <span class='ocrx_word' id='word_1_105' title='bbox 823 2511 977 2572; x_wconf 88' lang='lat' dir='ltr'>infindere</span> <span class='ocrx_word' id='word_1_106' title='bbox 997 2512 1109 2574; x_wconf 79' lang='lat' dir='ltr'>sulcos.</span> 
     </span>
     <span class='ocr_line' id='line_1_21' title="bbox 113 2595 1183 2686; baseline 0.005 -21"><span class='ocrx_word' id='word_1_107' title='bbox 113 2595 119 2602; x_wconf 45' lang='lat'>⁸</span> <span class='ocrx_word' id='word_1_108' title='bbox 248 2608 307 2668; x_wconf 87' lang='lat' dir='ltr'>hoo</span> <span class='ocrx_word' id='word_1_109' title='bbox 327 2608 421 2684; x_wconf 84' lang='lat' dir='ltr'>sedet,</span> <span class='ocrx_word' id='word_1_110' title='bbox 444 2608 504 2668; x_wconf 87' lang='lat' dir='ltr'>hoo</span> <span class='ocrx_word' id='word_1_111' title='bbox 525 2612 645 2669; x_wconf 87' lang='lat' dir='ltr'>eertum</span> <span class='ocrx_word' id='word_1_112' title='bbox 665 2610 721 2685; x_wconf 83' lang='lat' dir='ltr'>est,</span> <span class='ocrx_word' id='word_1_113' title='bbox 746 2609 845 2671; x_wconf 85' lang='lat' dir='ltr'>solem</span> <span class='ocrx_word' id='word_1_114' title='bbox 865 2629 1011 2686; x_wconf 82' lang='lat' dir='ltr'>superare</span> <span class='ocrx_word' id='word_1_115' title='bbox 1033 2610 1183 2671; x_wconf 85' lang='lat' dir='ltr'>oaduoum</span> 
     </span>
    </p>
   </div>
   <div class='ocr_carea' id='block_1_7' title="bbox 248 2707 1249 3770">
    <p class='ocr_par' dir='ltr' id='par_1_8' title="bbox 248 2707 1056 2982">
     <span class='ocr_line' id='line_1_22' title="bbox 249 2707 1056 2786; baseline 0 -19"><span class='ocrx_word' id='word_1_116' title='bbox 249 2727 385 2785; x_wconf 92' lang='lat' dir='ltr'>quaeque</span> <span class='ocrx_word' id='word_1_117' title='bbox 406 2707 471 2767; x_wconf 83' lang='lat' dir='ltr'>salo</span> <span class='ocrx_word' id='word_1_118' title='bbox 493 2707 638 2784; x_wconf 87' lang='lat' dir='ltr'>Hesperii</span> <span class='ocrx_word' id='word_1_119' title='bbox 660 2707 827 2786; x_wconf 76' lang='lat' dir='ltr'>tingrmtur</span> <span class='ocrx_word' id='word_1_120' title='bbox 846 2707 948 2769; x_wconf 81' lang='lat' dir='ltr'>sidera</span> <span class='ocrx_word' id='word_1_121' title='bbox 967 2707 1056 2784; x_wconf 91' lang='lat' dir='ltr'>ponti</span> 
     </span>
     <span class='ocr_line' id='line_1_23' title="bbox 249 2805 1048 2884; baseline 0.001 -20"><span class='ocrx_word' id='word_1_122' title='bbox 249 2805 371 2865; x_wconf 81' lang='lat' dir='ltr'>deficiat</span> <span class='ocrx_word' id='word_1_123' title='bbox 391 2805 469 2866; x_wconf 91' lang='lat' dir='ltr'>dum</span> <span class='ocrx_word' id='word_1_124' title='bbox 488 2805 555 2867; x_wconf 85' lang='lat' dir='ltr'>vita</span> <span class='ocrx_word' id='word_1_125' title='bbox 576 2805 682 2884; x_wconf 81' lang='lat' dir='ltr'>aequi3</span> <span class='ocrx_word' id='word_1_126' title='bbox 709 2825 764 2867; x_wconf 80' lang='lat' dir='ltr'>seu</span> <span class='ocrx_word' id='word_1_127' title='bbox 785 2806 908 2884; x_wconf 85' lang='lat' dir='ltr'>gurgite</span> <span class='ocrx_word' id='word_1_128' title='bbox 928 2825 1048 2866; x_wconf 80' lang='lat' dir='ltr'>mersos</span> 
     </span>
     <span class='ocr_line' id='line_1_24' title="bbox 248 2903 953 2982; baseline 0.001 -20"><span class='ocrx_word' id='word_1_129' title='bbox 248 2903 369 2964; x_wconf 86' lang='lat' dir='ltr'>hauriri</span> <span class='ocrx_word' id='word_1_130' title='bbox 390 2923 444 2965; x_wconf 89' lang='lat' dir='ltr'>seu</span> <span class='ocrx_word' id='word_1_131' title='bbox 465 2903 529 2964; x_wconf 81' lang='lat' dir='ltr'>fata</span> <span class='ocrx_word' id='word_1_132' title='bbox 548 2904 659 2964; x_wconf 87' lang='lat' dir='ltr'>iubent</span> <span class='ocrx_word' id='word_1_133' title='bbox 679 2904 827 2982; x_wconf 83' lang='lat' dir='ltr'>sedesque</span> <span class='ocrx_word' id='word_1_134' title='bbox 847 2905 953 2965; x_wconf 84' lang='lat' dir='ltr'>beatas</span> 
     </span>
    </p>

    <p class='ocr_par' dir='ltr' id='par_1_9' title="bbox 249 3001 1249 3671">
     <span class='ocr_line' id='line_1_25' title="bbox 249 3001 1094 3079; baseline 0.001 -17"><span class='ocrx_word' id='word_1_135' title='bbox 249 3004 384 3079; x_wconf 85' lang='lat' dir='ltr'>aspioere</span> <span class='ocrx_word' id='word_1_136' title='bbox 403 3006 437 3064; x_wconf 86' lang='lat' dir='ltr'>et</span> <span class='ocrx_word' id='word_1_137' title='bbox 456 3005 569 3064; x_wconf 91' lang='lat' dir='ltr'>notum</span> <span class='ocrx_word' id='word_1_138' title='bbox 590 3004 667 3064; x_wconf 92' lang='lat' dir='ltr'>dum</span> <span class='ocrx_word' id='word_1_139' title='bbox 686 3004 753 3065; x_wconf 85' lang='lat' dir='ltr'>vita</span> <span class='ocrx_word' id='word_1_140' title='bbox 773 3002 919 3062; x_wconf 84' lang='lat' dir='ltr'>manebat</span> <span class='ocrx_word' id='word_1_141' title='bbox 938 3001 1094 3064; x_wconf 80' lang='lat' dir='ltr'>Achillen.</span> 
     </span>
     <span class='ocr_line' id='line_1_26' title="bbox 249 3099 1093 3178; baseline 0 -18"><span class='ocrx_word' id='word_1_142' title='bbox 249 3101 350 3161; x_wconf 87' lang='lat' dir='ltr'>multa</span> <span class='ocrx_word' id='word_1_143' title='bbox 370 3101 436 3162; x_wconf 81' lang='lat' dir='ltr'>dios</span> <span class='ocrx_word' id='word_1_144' title='bbox 456 3101 568 3177; x_wconf 87' lang='lat' dir='ltr'>rapuit,</span> <span class='ocrx_word' id='word_1_145' title='bbox 591 3102 740 3178; x_wconf 78' lang='lat' dir='ltr'>superant</span> <span class='ocrx_word' id='word_1_146' title='bbox 758 3102 791 3160; x_wconf 84' lang='lat' dir='ltr'>et</span> <span class='ocrx_word' id='word_1_147' title='bbox 810 3099 919 3159; x_wconf 88' lang='lat' dir='ltr'>multa.</span> <span class='ocrx_word' id='word_1_148' title='bbox 964 3099 1093 3160; x_wconf 82' lang='lat' dir='ltr'>fuerunt</span> 
     </span>
     <span class='ocr_line' id='line_1_27' title="bbox 250 3197 1146 3277; baseline 0 -17"><span class='ocrx_word' id='word_1_149' title='bbox 250 3219 327 3276; x_wconf 89' lang='lat' dir='ltr'>quae</span> <span class='ocrx_word' id='word_1_150' title='bbox 348 3201 446 3260; x_wconf 82' lang='lat' dir='ltr'>terras</span> <span class='ocrx_word' id='word_1_151' title='bbox 464 3199 556 3274; x_wconf 80' lang='lat' dir='ltr'>vires,</span> <span class='ocrx_word' id='word_1_152' title='bbox 580 3219 657 3277; x_wconf 90' lang='lat' dir='ltr'>quae</span> <span class='ocrx_word' id='word_1_153' title='bbox 677 3197 810 3258; x_wconf 92' lang='lat' dir='ltr'>numina</span> <span class='ocrx_word' id='word_1_154' title='bbox 828 3215 944 3274; x_wconf 86' lang='lat' dir='ltr'>magna</span> <span class='ocrx_word' id='word_1_155' title='bbox 962 3198 1146 3260; x_wconf 86' lang='lat' dir='ltr'>movebant:</span> 
     </span>
     <span class='ocr_line' id='line_1_28' title="bbox 250 3297 1249 3375; baseline -0.001 -16"><span class='ocrx_word' id='word_1_156' title='bbox 250 3317 348 3375; x_wconf 83' lang='lat' dir='ltr'>usque</span> <span class='ocrx_word' id='word_1_157' title='bbox 368 3298 443 3359; x_wconf 91' lang='lat' dir='ltr'>adeo</span> <span class='ocrx_word' id='word_1_158' title='bbox 461 3297 544 3358; x_wconf 81' lang='lat' dir='ltr'>nihil</span> <span class='ocrx_word' id='word_1_159' title='bbox 559 3299 609 3358; x_wconf 82' lang='lat' dir='ltr'>est</span> <span class='ocrx_word' id='word_1_160' title='bbox 627 3297 710 3375; x_wconf 91' lang='lat' dir='ltr'>quod</span> <span class='ocrx_word' id='word_1_161' title='bbox 726 3316 811 3357; x_wconf 86' lang='lat' dir='ltr'>nuno</span> <span class='ocrx_word' id='word_1_162' title='bbox 829 3298 963 3357; x_wconf 81' lang='lat' dir='ltr'>sumus?</span> <span class='ocrx_word' id='word_1_163' title='bbox 986 3316 1085 3375; x_wconf 79' lang='lat' dir='ltr'>usque</span> <span class='ocrx_word' id='word_1_164' title='bbox 1105 3297 1181 3358; x_wconf 87' lang='lat' dir='ltr'>adeo</span> <span class='ocrx_word' id='word_1_165' title='bbox 1201 3299 1249 3358; x_wconf 90' lang='lat' dir='ltr'>nil</span> 
     </span>
     <span class='ocr_line' id='line_1_29' title="bbox 250 3393 1093 3474; baseline -0.001 -17"><span class='ocrx_word' id='word_1_166' title='bbox 250 3417 314 3457; x_wconf 91' lang='lat' dir='ltr'>una</span> <span class='ocrx_word' id='word_1_167' title='bbox 333 3398 381 3456; x_wconf 88' lang='lat' dir='ltr'>tot</span> <span class='ocrx_word' id='word_1_168' title='bbox 399 3396 533 3457; x_wconf 88' lang='lat' dir='ltr'>heroum</span> <span class='ocrx_word' id='word_1_169' title='bbox 552 3395 655 3458; x_wconf 84' lang='lat' dir='ltr'>virtus</span> <span class='ocrx_word' id='word_1_170' title='bbox 674 3415 790 3474; x_wconf 92' lang='lat' dir='ltr'>parque</span> <span class='ocrx_word' id='word_1_171' title='bbox 812 3393 957 3455; x_wconf 78' lang='lat' dir='ltr'>omnibus</span> <span class='ocrx_word' id='word_1_172' title='bbox 977 3395 1093 3456; x_wconf 81' lang='lat' dir='ltr'>ardor?</span> 
     </span>
     <span class='ocr_line' id='line_1_30' title="bbox 251 3494 1145 3572; baseline -0.001 -18"><span class='ocrx_word' id='word_1_173' title='bbox 251 3495 375 3555; x_wconf 82' lang='lat' dir='ltr'>dextras</span> <span class='ocrx_word' id='word_1_174' title='bbox 395 3494 460 3555; x_wconf 83' lang='lat' dir='ltr'>fata</span> <span class='ocrx_word' id='word_1_175' title='bbox 479 3495 628 3556; x_wconf 87' lang='lat' dir='ltr'>hebetant</span> <span class='ocrx_word' id='word_1_176' title='bbox 648 3513 827 3572; x_wconf 86' lang='lat' dir='ltr'>annosaque</span> <span class='ocrx_word' id='word_1_177' title='bbox 848 3496 1005 3570; x_wconf 85' lang='lat' dir='ltr'>tempora:</span> <span class='ocrx_word' id='word_1_178' title='bbox 1026 3495 1145 3571; x_wconf 82' lang='lat' dir='ltr'>perstat</span> 
     </span>
     <span class='ocr_line' id='line_1_31' title="bbox 250 3592 1094 3671; baseline -0.004 -18"><span class='ocrx_word' id='word_1_179' title='bbox 250 3596 355 3654; x_wconf 87' lang='lat' dir='ltr'>mente</span> <span class='ocrx_word' id='word_1_180' title='bbox 372 3593 463 3671; x_wconf 80' lang='lat' dir='ltr'>vigor</span> <span class='ocrx_word' id='word_1_181' title='bbox 482 3593 589 3670; x_wconf 81' lang='lat' dir='ltr'>solida,</span> <span class='ocrx_word' id='word_1_182' title='bbox 612 3592 732 3671; x_wconf 85' lang='lat' dir='ltr'>nitique</span> <span class='ocrx_word' id='word_1_183' title='bbox 752 3595 785 3653; x_wconf 83' lang='lat' dir='ltr'>et</span> <span class='ocrx_word' id='word_1_184' title='bbox 806 3611 951 3671; x_wconf 80' lang='lat' dir='ltr'>quaerere</span> <span class='ocrx_word' id='word_1_185' title='bbox 971 3611 1094 3670; x_wconf 82' lang='lat' dir='ltr'>semper</span> 
     </span>
    </p>

    <p class='ocr_par' dir='ltr' id='par_1_10' title="bbox 250 3691 1070 3770">
     <span class='ocr_line' id='line_1_32' title="bbox 250 3691 1070 3770; baseline 0.004 -19"><span class='ocrx_word' id='word_1_186' title='bbox 250 3693 282 3751; x_wconf 87' lang='lat' dir='ltr'>et</span> <span class='ocrx_word' id='word_1_187' title='bbox 302 3691 435 3769; x_wconf 84' lang='lat' dir='ltr'>reperire</span> <span class='ocrx_word' id='word_1_188' title='bbox 455 3694 567 3770; x_wconf 79' lang='lat' dir='ltr'>potens</span> <span class='ocrx_word' id='word_1_189' title='bbox 586 3711 643 3752; x_wconf 86' lang='lat' dir='ltr'>neo</span> <span class='ocrx_word' id='word_1_190' title='bbox 664 3694 772 3770; x_wconf 87' lang='lat' dir='ltr'>coepto</span> <span class='ocrx_word' id='word_1_191' title='bbox 791 3691 939 3752; x_wconf 76' lang='lat' dir='ltr'>absistere</span> <span class='ocrx_word' id='word_1_192' title='bbox 958 3691 1070 3754; x_wconf 71' lang='lat' dir='ltr'>vicora</span> 
     </span>
    </p>
   </div>
   <div class='ocr_carea' id='block_1_8' title="bbox 1099 3815 1216 3854">
    <p class='ocr_par' dir='ltr' id='par_1_11' title="bbox 1099 3815 1216 3854">
     <span class='ocr_line' id='line_1_33' title="bbox 1099 3815 1216 3854; baseline 0.026 -3"><span class='ocrx_word' id='word_1_193' title='bbox 1099 3816 1124 3853; x_wconf 83' lang='grc' dir='ltr'>Ι.</span> <span class='ocrx_word' id='word_1_194' title='bbox 1139 3817 1174 3851; x_wconf 75' lang='lat' dir='ltr'>D}</span> <span class='ocrx_word' id='word_1_195' title='bbox 1191 3815 1216 3854; x_wconf 76' lang='lat' dir='ltr'>P·</span> 
     </span>
    </p>
   </div>
   <div class='ocr_carea' id='block_1_9' title="bbox 0 0 1562 4494">
    <p class='ocr_par' dir='ltr' id='par_1_12' title="bbox 0 0 1562 4494">
     <span class='ocr_line' id='line_1_34' title="bbox 0 0 1562 4494; baseline 0 0"><span class='ocrx_word' id='word_1_196' title='bbox 0 0 1562 4494; x_wconf 95' lang='lat' dir='ltr'> </span> 
     </span>
    </p>
   </div>
  </div>
 </body>
</html>
