3070 4490
625 386 842 434 OXONIENSIS

701 585 770 626 an

232 676 346 761 Ὀρέων
368 678 423 743 οἵδ’
445 680 505 743 ἀπό
521 677 554 742 ’θ’
578 683 660 744 ὑλῶν
1117 705 1184 760 στρ.
1204 704 1233 742 α.

233 781 419 864 ἆφικάνομεν
442 782 606 861 θοάζοντες,
629 784 720 866 ὑγράς
744 784 783 849 ἵν’
806 785 884 865 ἀμφὶ
907 782 1017 862 νήσους

233 888 366 967 ποταμοῦ
388 885 491 968 λάβρα
514 885 716 967 καχλάζοντος
738 888 865 969 ἐσίγησε
887 888 1003 951 κλύδων

319 993 377 1055 ὑπὸ
400 990 540 1073 σύριγγος
564 993 644 1069 ἐμῆς·

233 1095 300 1158 τότε
323 1097 395 1181 σιγῇ
416 1095 551 1158 δονάκων
571 1097 627 1174 μέν
649 1095 746 1160 πέσον
770 1095 866 1178 αῶραι,
890 1097 959 1161 τότε
982 1094 1081 1177 πλήρη

234 1197 300 1277 θύμ’
323 1199 450 1281 ἐσίγησε
472 1203 641 1279 μελισσῶν,
666 1200 683 1262 ὅ
706 1196 731 1263 τ’
753 1200 869 1264 ἄνωθεν
891 1198 970 1280 τάφε
992 1197 1099 1278 τέττιξ,

234 1303 356 1384 ταχινός
378 1328 412 1366 τε
435 1308 545 1382 σαῦρος
568 1303 653 1381 ἐστο,
676 1301 755 1385 τάφε
777 1302 803 1368 τ’
826 1305 907 1387 ὄρνις
930 1303 974 1368 ἐνὶ
995 1302 1123 1385 μύρτοις·

234 1406 331 1488 ἐπάγη
353 1407 387 1469 δέ
409 1405 496 1470 πάνθ’
521 1407 602 1473 ὅπως
626 1409 645 1469 ἃ
669 1407 744 1470 κατὰ
765 1413 897 1488 Τμῶλον
918 1408 1013 1484 λίθος,
1037 1407 1137 1471 αὐλῶν

319 1512 376 1574 ὖπδ
401 1513 537 1592 σειρῆνος
561 1511 647 1588 ἐμῶν.

233 1613 282 1696 ῥέε
305 1617 361 1694 μέν
383 1618 501 1692 Πηνεὸς
524 1614 622 1696 ὑγράς,

233 1717 327 1783 νάπος
349 1718 456 1782 ύπτιον
478 1720 511 1782 δέ
533 1718 678 1797 Τεμπέωυ
700 1718 759 1782 ὑπὸ
782 1720 903 1798 Πηλίου
926 1722 1061 1781 σκιαῖσιν
1124 1719 1187 1782 ἀντ.
1205 1743 1235 1780 α.

232 1821 305 1904 ῥέπε
327 1823 416 1902 μείζω
438 1821 505 1904 ῥέπ’
526 1824 556 1888 ἐς
577 1823 701 1903 ὄρφνην,
726 1823 806 1904 ἱεράν
829 1822 853 1885 τ’
876 1822 984 1902 ἔφθινε
1007 1829 1073 1904 φῶς

319 1927 377 1989 ὑπὸ
401 1927 543 2007 σύριγγος
564 1927 645 2005 ἐμῆς.

235 2030 375 2110 Σατύρων
398 2031 422 2093 δ’
448 2031 592 2111 ἐκδραμεν
615 2031 718 2112 ὄχλος,
742 2029 833 2112 δράμε
856 2032 1002 2106 Σειληνὸς
1026 2030 1188 2111 ἆγρῶστης.

234 2133 295 2214 άμα
318 2131 396 2200 Ναίς
419 2159 452 2197 τε
475 2134 658 2214 προκύψασα
680 2141 787 2214 μυχῶν
807 2129 855 2195 καὶ
880 2131 978 2213 Δρυὰς
1001 2133 1098 2214 ὑγρῶν

233 2237 384 2318 ποταμούς
407 2235 433 2300 τ’
456 2238 579 2301 ἔλειπον
602 2237 677 2302 ὕλας
700 2262 743 2316 τε,
768 2236 851 2320 πόθῳ
874 2233 902 2317 γ’
926 2237 955 2297 οἱ
977 2236 1033 2315 μὲν
1055 2237 1189 2310 ἁλόντες,

233 2340 316 2403 -σὺ
338 2342 371 2403 δὲ
394 2346 446 2406 νῦν
469 2340 572 2424 φθόνῳ
595 2340 636 2422 γ’,
659 2338 925 2404 Ἀπόλλων-ὑπό
951 2337 977 2401 τ’
999 2341 1103 2420 ἴυγγος
1126 2340 1236 2402 ἀοιδῶν

320 2443 497 2522 ἐσιώπησαν
519 2447 606 2524 ἐμῶν.

236 2546 329 2631 χορὸν
350 2547 469 2629 ἄστρων
491 2546 549 2630 γὰρ
572 2549 674 2611 άειδον
1120 2570 1187 2625 στρ.
1203 2551 1237 2624 β.

233 2651 329 2734 χθόνα
352 2650 378 2713 τ’
400 2650 436 2715 αὖ
459 2650 631 2729 δαιδαλέην,

234 2754 423 2835 ἐπίφανσκόν
445 2781 478 2820 τε
501 2756 656 2839 Γιγάντων

234 2858 384 2937 πολέμους
407 2861 456 2922 καὶ
480 2864 554 2926 Διὸς
578 2859 677 2941 ἕδραν,
700 2859 839 2939 μερόπων
863 2857 890 2920 θ’

321 2960 382 3039 άμα
404 2961 522 3043 γένναν,
546 2963 594 3025 καὶ
618 2965 704 3028 ὅδους

322 3065 397 3148 ζῳῆς
419 3065 471 3144 ἠδὲ
493 3063 644 3130 τελευτάς.

233 3168 369 3246 μεταβὰς
392 3168 416 3231 δ’
440 3167 477 3230 αὖ

234 3271 294 3333 τότ’
319 3270 367 3334 ἐπ’
388 3271 487 3334 ἄλλον
509 3270 597 3349 οἶμον
617 3271 694 3351 ἆμῆς

235 3375 385 3457 σύριγγος,
407 3374 503 3441 πάθος
526 3374 599 3458 ᾆδον

320 3476 355 3541 τὸ
378 3479 520 3557 παλαιάν,
544 3474 607 3541 κατ’
628 3474 720 3558 άκρον

323 3583 484 3645 Μαίναλον
506 3581 549 3648 ot’
572 3579 757 3665 ἐπλάγχθην.

234 3683 310 3763 μετὰ
332 3688 389 3767 γὰρ
412 3684 562 3767 παρθένον
586 3684 659 3768 ᾄξας

236 3787 336 3852 δύναιτ’
360 3790 453 3872 ἔσχον
477 3789 623 3854 καθελιύν·

317 3915 330 3958 8
