3094 4494
625 404 841 454 OXONIENSIS

270 581 327 620 nee
347 581 422 621 vero
442 564 474 622 ta
494 561 598 640 prima
617 562 712 639 iuvat,
736 584 791 624 nee
812 563 909 624 serior
928 567 1030 637 aetas3

270 679 343 720 nam
364 660 465 720 veluti
484 661 616 722 conviva
636 664 729 738 satur,
753 666 919 739 superante
939 683 1058 740 sopore,

270 758 346 818 dum
367 759 468 836 specie
487 759 600 819 frueris
620 761 695 836 veri,
720 781 807 822 mera
828 761 950 822 somnia
968 762 1089 837 uernis3

269 876 381 934 nempe
403 858 476 932 dies,
500 858 613 918 melior
632 879 694 936 qua
714 879 780 919 non
800 859 893 920 datur
913 859 985 935 ulla,
1010 860 1155 920 iuventae

269 955 306 1013 fit
325 955 386 1015 tibi
404 975 462 1032 par
481 957 576 1033 sanie,
601 956 678 1016 dum
698 957 875 1017 mendicare
895 960 1000 1017 eoaata

270 1053 386 1113 auxilia
406 1074 425 1113 a
444 1054 589 1114 tremulis
610 1054 738 1114 senibus
758 1055 869 1115 vitalia
889 1057 1013 1133 eaptas3

269 1152 302 1210 at
322 1154 445 1212 matura
465 1152 565 1228 annis,
589 1173 662 1212 eum
682 1153 766 1212 facta
785 1173 803 1212 e
822 1172 956 1230 paupere
977 1152 1064 1214 dives

270 1249 333 1310 iam
353 1250 458 1326 fueris
482 1271 554 1310 cum
576 1251 683 1326 forma,
707 1252 798 1326 calor,
823 1251 912 1328 vigor
933 1252 1063 1312 artubus
1084 1253 1187 1314 omnis

269 1348 410 1422 exierint,
434 1351 577 1426 torpente
599 1349 705 1408 animo
716 1370 724 1423 ;
752 1348 799 1408 nil
820 1349 953 1426 denique
974 1352 1071 1410 restat

270 1446 376 1507 divitis
396 1447 480 1506 unde
501 1450 594 1524 queat
614 1447 684 1508 fieri
704 1448 871 1508 iucundius
891 1467 1013 1509 aevum.

269 1547 339 1605 tene
360 1545 468 1623 igitur,
489 1565 571 1605 vana
591 1546 680 1606 cuius
700 1547 759 1606 sub
780 1547 915 1624 imagine
935 1547 1048 1608 mortis

269 1643 356 1702 mille
377 1643 478 1703 latent
498 1644 621 1720 speeies,
645 1644 812 1722 dignemur
831 1645 961 1722 numine
980 1645 1083 1722 vitae3

269 1741 346 1801 dum
365 1761 473 1803 veram
494 1745 587 1819 atque
607 1761 713 1819 unam,
738 1762 816 1819 quae
837 1745 886 1802 tot
907 1743 1087 1804 discrimina
1106 1743 1198 1822 tollit,

269 1840 386 1899 scilieet
405 1841 571 1900 horremus
592 1860 677 1901 nassa
696 1840 864 1901 formidine
885 1845 1046 1903 mortem?

1095 1955 1124 1992 Η.
1138 1954 1164 1991 Ι.
1173 1954 1195 1989 ¹1¹.

678 2363 780 2404 XXXIX

269 2457 340 2516 Non
361 2457 413 2532 ita,
438 2477 503 2517 non
523 2477 671 2532 move0r;
696 2461 828 2535 tempus,
854 2459 929 2537 quid
949 2461 1041 2520 inane
1063 2460 1229 2536 superbis?

310 2556 384 2633 quid
405 2576 489 2616 nova
508 2557 709 2634 pyramidum
730 2560 766 2618 tu
786 2558 869 2618 mihi
888 2561 1030 2619 monstra
1050 2558 1171 2620 refers?

269 2659 302 2714 at
321 2657 402 2716 mihi
422 2676 488 2716 non
509 2677 592 2718 nova
612 2660 695 2733 sunt,
720 2679 784 2718 non
805 2659 998 2735 admiranda,
1022 2658 1145 2734 tuenti;

309 2756 384 2815 haec
405 2755 521 2831 speeies
542 2758 655 2816 notum
677 2757 890 2819 dissimulavit
911 2779 999 2835 opus.

268 2855 376 2913 nostra
397 2854 462 2914 dies
482 2854 587 2914 brevis
608 2857 663 2929 est,
687 2875 762 2932 ergo
784 2856 990 2934 quodeunque
1010 2855 1130 2916 vetusti

308 2951 506 3028 prompseriS,
531 2952 685 3012 attonitus
706 2953 912 3015 deveneratur
931 2953 1035 3028 home,

158 3097 160 3104 ,
268 3053 342 3110 nata
362 3049 423 3109 sibi
443 3049 539 3108 fuerit
559 3052 710 3126 tanquam
732 3051 872 3127 quaesita
891 3052 1045 3128 voluptas,

308 3168 365 3207 nee
384 3147 490 3224 potius
511 3148 653 3224 patribus
674 3149 780 3209 fabula
800 3149 876 3208 trita
897 3149 970 3209 suis

268 3247 321 3306 odi
340 3266 398 3323 ego
419 3248 450 3306 te
470 3246 629 3324 fastosque
652 3251 731 3322 tuoe,
755 3250 871 3323 tuaque
893 3233 999 3308 emnia
1020 3247 1149 3308 demum

308 3365 363 3405 seu
384 3347 467 3419 sunt,
491 3364 546 3403 seu
566 3344 699 3421 fuerant,
723 3364 788 3404 non
807 3346 984 3405 veneranda
1004 3349 1090 3422 pute.

267 3444 347 3502 falso
367 3442 469 3518 prisca
489 3442 595 3518 refers,
620 3444 698 3503 falso
719 3443 896 3521 praesentia
916 3444 1018 3520 nobis,

308 3543 439 3618 utraque
460 3541 609 3601 continua
629 3545 718 3602 curta
738 3541 790 3602 vel
810 3544 901 3602 aucta
921 3543 1004 3620 fuga
1041 3543 1043 3546 ’

267 3640 327 3699 hoe
348 3640 426 3716 iure,
451 3639 653 3716 steteritque3
681 3641 759 3700 fides
779 3659 850 3701 mea
869 3640 963 3700 firma
979 3641 1129 3716 manebit,

307 3741 343 3798 tu
365 3739 446 3814 lieet,
472 3759 490 3798 0
511 3740 644 3815 tempus,
669 3742 770 3800 cetera
790 3739 868 3800 falce
889 3759 973 3802 ruas·

1096 3851 1122 3886 Δ.
1134 3850 1156 3887 Τ.
1169 3851 1193 3887 B·
