3094 4494
645 393 744 441 OXON
747 392 860 442 1ENsls

383 550 477 635 τύχην
498 551 667 634 λαχόντων,
688 549 756 617 τοὺς
777 552 956 631 τεθνηκότας
979 551 1071 634 λέγω.

382 657 503 734 ἆπόδος,
527 657 671 736 ἱκνοῦμαι,
695 658 735 743 γῇ
755 657 795 737 μ’,
818 655 998 736 ἀπάλλαξον
1020 659 1122 739 μόρου.

384 761 457 843 ὄψει
478 761 631 840 πανόπτης
655 761 731 824 οὖσα
753 764 890 827 Τιθωνοῦ
912 759 1021 841 τάφον.

382 861 527 942 ἆειθαλής
549 887 599 927 σοι
623 863 757 942 καλλονὴ
782 863 844 926 καθ
867 862 980 945 ἡμέραν

383 967 480 1030 ἔσται·
515 965 596 1033 κόνις
618 970 652 1031 δὲ
674 965 925 1048 συμπεφυρμένος
949 967 1028 1033 κόνει

363 1055 456 1135 ’τέως
477 1069 575 1152 ἔγωγε
596 1074 649 1149 τῆς
672 1069 762 1133 ἄνωθ’
786 1071 906 1151 ἐρημίας

382 1171 582 1253 ἆμνημονήσω
604 1176 704 1252 τῆσδε,
728 1174 777 1237 καὶ
800 1174 899 1251 σέθεν,
922 1171 986 1249 θεά,

383 1277 506 1343 δίαυλον
528 1279 685 1361 ιἰργυροῖσι
708 1279 900 1357 καμπτούσης
922 1282 1052 1362 τροχοῖς.

1080 1393 1219 1429 κωκυ

735 1677 778 1718 XV

319 1775 341 1834 1.
385 1769 498 1853 Ὀργὴν
522 1775 684 1854 κατασχοῦ·
716 1770 770 1837 κᾶν
792 1775 971 1854 μεταγνοίης
994 1777 1075 1842 ίσως.

319 1875 359 1934 Ω.
384 1871 418 1933 οὐ
439 1869 511 1949 δῆτ’,
532 1869 649 1951 Ἰόγων.
682 1871 721 1937 ὣς
743 1875 800 1953 γὰρ
824 1871 860 1951 ἐξ
881 1873 947 1940 ἐνδς
968 1875 1058 1956 ῥόθου

383 1973 505 2058 ψυχρὰς
527 1975 658 2038 κυλίνδει
681 1973 790 2041 πόντος
813 1974 957 2055 Εὔξεινος
978 1979 1051 2060 ῥοδς

385 2078 443 2143 οὐδ’
467 2077 504 2142 ἂν
527 2077 626 2158 ξυνείη
650 2078 707 2144 σὺν
728 2080 891 2164 παλιρροία
912 2084 1008 2158 βυθοῦ

384 2183 521 2265 ἄψορρον
543 2183 653 2248 ἐλθεῖν·
684 2185 717 2246 ἐκ
741 2187 773 2248 δέ
797 2185 851 2262 τῆς
874 2185 1080 2266 Προποντίδος

384 2287 460 2370 όρμᾷ
482 2291 557 2367 πρδς
578 2283 821 2366 Ἑλλήσποντον·
852 2287 994 2353 ὡσαύτως
1016 2285 1043 2351 δ’
1065 2290 1123 2371 ἐγὼ

383 2391 475 2470 ὀργῆς
497 2392 589 2476 βιαίῳ
612 2395 686 2471 πρδς
708 2392 806 2471 φόνον
829 2390 969 2456 σπεύδων
991 2395 1089 2477 δρόμῳ

383 2495 435 2559 οὐκ
458 2492 496 2558 δν
518 2495 653 2577 δρόμοιμ’
675 2493 812 2577 ἄψορρον
835 2497 867 2558 ἐκ
889 2498 1093 2577 πλημμυρίδος

384 2605 504 2678 φαῦλον
525 2604 627 2662 ποθῶν
650 2599 755 2680 ἔρωτα,
778 2600 849 2680 πρὶν
872 2599 967 2665 πολὺς
988 2599 1064 2683 ῥέων
1150 2681 1154 2690 ἱ

383 2702 459 2787 ἐκβῇ
481 2703 602 2765 τελείαν
625 2693 716 2780 θυμὸς
739 2703 782 2768 εἰς
804 2702 957 2783 τιμωρίαν.

382 2803 505 2868 τοιοῦτό
527 2829 572 2867 τοι
596 2810 670 2886 πρδς
693 2809 789 2882 Ζηνὸς
811 2804 857 2884 ἠδ’
879 2805 1056 2884 Ὀλυμπίων

383 2909 472 2988 ὅρκον
495 2909 627 2987 σεβίζων
649 2909 770 2974 ἐνδίκως
792 2909 945 2987 ἐπόμοσα.

337 3060 343 3074 .
382 3009 472 3094 εὔχοί
496 3009 534 3074 ἂν
554 3011 658 3080 αὕτως·
692 3010 762 3073 ἀλλ’
787 3009 876 3093 ἔγωγ’
898 3010 1074 3091 ὑφίσταμαι,

384 3115 561 3196 όρκωμοτῶν
582 3116 728 3196 τηλαυγὲς
751 3113 838 3194 ἡλίου
861 3112 955 3179 σέλας

384 3214 432 3281 καὶ
454 3216 535 3280 τόνδ’
558 3215 606 3297 ἅμ’
632 3215 725 3298 αἰθέρ’
748 3217 831 3282 όστις
855 3216 1003 3300 ἆμπίσχει
1025 3219 1164 3300 βροτούς,

383 3321 402 3402 ἦ
422 3313 482 3401 μῆν
504 3319 644 3384 ἁπάντων
667 3319 924 3402 ἆνθυπουργήσειν
947 3322 1031 3398 δίκην

382 3427 465 3490 ὅσων
488 3425 630 3507 έπασχες,
654 3427 682 3488 εί
703 3450 732 3488 τι
753 3428 825 3505 δρᾶν
847 3422 1011 3504 δυνήσομαι

380 3527 399 3608 ἢ
423 3527 501 3621 χειρί
524 3531 635 3610 βρίσας
657 3524 676 3607 ἢ
700 3534 818 3609 φρενῶν
840 3528 944 3614 γνόμῃ
967 3528 1072 3594 πλέον.

383 3634 403 3696 δ
425 3637 470 3698 δεῖ
492 3633 656 3699 κελεύσεις·
686 3630 752 3696 ἀντὶ
774 3632 800 3695 δ’
823 3633 969 3715 αίσχύνης
992 3631 1069 3711 ἐμοί,

384 3735 439 3802 κᾶν
462 3738 535 3816 αίμα
558 3735 669 3819 πράξω,
694 3734 841 3815 στήσεται
864 3734 1037 3816 πειθαρχία.

1117 3833 1143 3866 Α.
1157 3834 1174 3869 J.
1190 3836 1212 3868 Β.
