3094 4494
636 406 851 455 OXONIENSIS

307 560 483 626 πάντα-τὺ
504 569 568 644 γῶν
590 563 684 644 θδιον,
707 564 780 646 ἀτὰρ
802 563 890 628 πέλει
912 563 983 628 ἆδέα
1005 563 1112 629 πάντα.

309 667 387 753 ποδῇ
409 668 466 744 μὲν
488 666 563 732 κατὰ
586 667 689 733 κλιτὺν
710 669 789 745 ῦδωρ
812 667 890 746 θλις,
913 666 992 750 ἀμφὶ
1014 670 1048 733 δέ
1069 666 1183 733 πολλοὶ

307 769 449 852 ὠγυγίοις
471 772 605 853 τρόζοντι
627 771 786 838 πελειάδες
808 773 840 837 ἐν
862 772 1048 852 πτελέαισιν,

307 871 356 937 ταὶ
378 874 403 938 δ’
427 876 537 958 ἀθρόον
558 880 728 957 βομβεῦντι
749 872 819 940 ποτὶ
842 875 995 956 σμάυεσσι
1017 876 1172 958 μέλισσαι.

1071 1011 1095 1045 G.
1107 1011 1132 1046 (3.
1145 1012 1170 1045 A.
1183 1012 1210 1044 1.

732 1340 759 1380 11

243 1439 276 1498 B.
307 1435 389 1517 Πρδς
413 1442 466 1500 τοῦ
489 1435 515 1501 δ’
539 1436 696 1519 ἐπέμφθης
709 1464 721 1512 ;

244 1543 287 1603 M.
700 1546 751 1607 τοῦ
774 1545 1013 1626 στρατηγοῦντος
1036 1542 1135 1605 πόλει.

241 1647 276 1704 'B.
306 1648 370 1710 τοῖς
392 1647 527 1727 πρόσθεν
550 1645 602 1709 οῦν
624 1646 655 1707 σ’
677 1647 818 1726 αἰτοῦμεν
840 1645 1005 1729 ἀγγέλλειν
1026 1647 1088 1720 ίσα,

307 1747 389 1833 μάχῃ
412 1746 442 1828 μ’
465 1751 591 1815 ἑλόντας
613 1749 678 1814 εἶτα
699 1753 842 1827 πωλῆσαι
864 1750 964 1829 δέμας.

306 1849 329 1915 ιδ
353 1854 425 1917 θεοί.

307 1957 337 2019 τί
358 1956 394 2035 δῆ
417 1958 519 2021 παθόν
542 1980 587 2023 τις
609 1957 723 2042 ἐγγελᾷ
743 1962 807 2024 τοῖς
824 1955 998 2035 τλῆμοσιν,·

308 2061 324 2122 ὁ
347 2058 372 2124 δ’
395 2060 448 2124 οῦν
467 2059 593 2128 λέοντος
615 2060 728 2125 οὐδέπω
751 2061 928 2140 τεθνηκότος

266 2205 269 2214 ·
306 2163 387 2244 δέρμ’
410 2163 586 2244 ἐμπολήσας
608 2164 696 2229 ὤλετ’
715 2167 748 2228 ἐν
771 2162 847 2249 θῆρα
869 2164 982 2241 δαμείς.

307 2268 441 2334 πολλοὺς
463 2267 489 2332 δ’
511 2267 548 2333 άν
569 2268 661 2350 ἡμῶν,
684 2269 760 2345 οἶδα,
783 2265 920 2352 πατρῴας
941 2271 1054 2349 χθονδς

308 2369 406 2453 τάφος
428 2371 588 2456 κατάσχοι·
618 2372 687 2439 τούς
710 2372 746 2449 δ’,
769 2375 859 2436 ὁποῖα
881 2369 1015 2455 σήμερον

308 2474 464 2554 δράσουσι,
486 2480 586 2558 χαλκῆ
608 2476 714 2542 δέλτος
737 2475 916 2560 ἐγγραφεῖσ’
940 2477 1011 2558 ἐρεῖ.

309 2578 337 2641 οἳ
358 2578 384 2643 δ’
405 2577 442 2643 ἃν
465 2586 564 2647 καλῶς
587 2581 727 2647 θανόντες
750 2582 782 2645 ἐν
804 2577 933 2642 Γάλλων
954 2578 1035 2663 πέδῳ

307 2687 473 2762 κρυφθῶσι,
497 2685 603 2765 καίπερ
626 2685 658 2750 ἐν
681 2686 802 2766 κόπροις
824 2682 1013 2765 τεθαμμένοι,

307 2785 377 2849 ἀλλ’
399 2786 531 2854 εὐκλεεῖς
553 2786 681 2869 γένοιντ’
703 2788 750 2866 άν,
775 2787 813 2852 ὣς
836 2789 867 2853 ἐς
890 2785 1019 2867 οὐρανδν

308 2888 415 2967 σήπων
437 2889 558 2971 ἀνέλξει
580 2895 697 2972 Φοῖβος
720 2893 855 2973 ἐντίμους
878 2889 1005 2972 νεκρούς.

308 2997 434 3070 κομπεΐν
452 2995 479 3058 δ’
501 2996 594 3059 ἔασόν
615 2993 660 3074 μ’·
693 2998 760 3061 εἰπὲ
782 2996 823 3080 τῷ
848 2990 1051 3078 στρατηλάτῃ,

308 3097 343 3160 οὐ
366 3094 458 3181 σχῆμ’
481 3101 583 3179 ἑορτῆς
604 3099 687 3163 ἀλλὰ
709 3096 794 3182 τᾶργ’
815 3097 887 3176 ῆμῖν
908 3095 1043 3178 πρέπειν·

306 3200 403 3264 πάλαι
423 3199 480 3283 γὰρ
503 3202 630 3284 ὄμβροις
652 3207 795 3284 δυσχερεῖ
815 3200 842 3265 θ’
866 3203 943 3266 ὁδῦν
964 3199 1070 3284 πλάνῳ

307 3306 359 3381 τῆς
381 3305 497 3386 πρόσθε
518 3307 635 3388 χρυσῆς
657 3302 772 3369 πάντας
795 3304 949 3367 ἐλλείπειν
970 3304 1090 3386 χλιδῆς.

306 3406 369 3470 οὐδ’
390 3407 443 3472 οῦν
464 3407 592 3490 πτέρωμ’
616 3409 714 3490 εὕροις
735 3405 773 3470 ἂν
796 3408 925 3488 οὐδαμοῦ
947 3410 1130 3487 στρατοῦ,-

305 3506 384 3596 ᾗδῆ
407 3510 539 3576 πέποιθα
560 3511 662 3592 μηδέν’
685 3509 822 3593 ἅψεσθαι
846 3514 953 3594 φυγῆς·

307 3613 341 3674 τί
359 3611 395 3690 δ’,
418 3616 445 3678 εί
468 3619 521 3678 τόν
543 3612 601 3694 ἔξω
625 3617 739 3697 κόσμον
761 3613 916 3695 ἤμβλυνεν
937 3615 1049 3699 χρόνος
1061 3637 1072 3690 ,·

308 3715 383 3782 Ζεὺς
405 3716 464 3800 γὰρ
485 3715 631 3802 ξυνίστωρ
654 3720 693 3786 ὡς
715 3717 822 3799 θράσει
844 3716 872 3801 γ’
894 3717 1060 3801 ἠσκῆμεθα.

1144 3845 1173 3881 Δ.
1190 3845 1212 3879 S·
