3070 4490
617 383 833 433 OXONIENSIS

699 773 768 814 xcn

265 869 376 928 Mutua
397 888 475 946 quse
496 868 613 928 mentis
635 868 799 930 concordia
819 868 924 947 iungis
945 869 1069 944 amices,

306 966 406 1027 rarius
426 968 489 1027 heu
509 967 604 1028 vivex
624 986 719 1042 quem
740 967 888 1027 simulata
908 968 993 1042 fides,

267 1085 361 1142 quem
381 1068 591 1125 venturarum
611 1064 692 1125 ridet
712 1064 874 1126 dulcedine
896 1066 1025 1142 frugum

306 1184 368 1240 quo
390 1142 477 1223 rudls
498 1165 530 1223 cl
550 1163 685 1240 simplex
706 1164 782 1224 flore
803 1163 933 1225 iuventa
953 1163 1051 1225 nitet!

266 1283 340 1322 mox
360 1265 467 1322 temen
487 1262 624 1339 experlis
644 1261 738 1323 fletur
759 1262 945 1324 temerarius
965 1282 1053 1323 error

308 1361 433 1422 credula
453 1380 548 1438 quem
569 1361 706 1422 nimium
725 1381 796 1439 spes
816 1361 965 1422 iuvenilis
984 1363 1087 1420 amat:

268 1479 346 1536 ques
367 1459 568 1536 sperabamus
589 1460 700 1521 messis
720 1460 922 1520 lacrimamus
942 1461 1111 1534 ademptas,

309 1561 449 1634 tempore
470 1558 521 1619 vel
542 1578 634 1619 saevo
657 1579 729 1619 cum
749 1559 868 1636 periere
888 1559 969 1637 gelu.

268 1677 307 1716 ne
328 1657 399 1734 quis
418 1656 504 1717 enim
525 1677 656 1734 magnes
677 1658 776 1735 pertis
796 1657 857 1717 sibi
878 1677 1002 1717 sumere
1023 1655 1124 1729 amici,

309 1758 435 1814 sanctus
455 1757 488 1815 et
507 1755 632 1834 integro
653 1755 696 1815 sit
716 1756 779 1816 nisi
798 1756 897 1832 corde,
922 1756 1016 1818 velit:

270 1874 309 1913 ne
330 1853 429 1931 fugiat
450 1855 603 1914 mortem:
625 1873 836 1931 quascumque
858 1855 966 1914 docere
987 1874 1043 1931 per
1062 1853 1139 1914 erlis

309 1952 408 2029 possit
430 1972 492 2028 quo
511 1952 616 2012 valcat
636 1952 746 2013 robore
767 1972 861 2012 verus
882 1973 979 2013 amor.

270 2051 333 2109 otia
354 2070 429 2109 nem
450 2051 528 2110 duro
549 2050 656 2110 forsan
677 2053 800 2110 mutare
821 2050 927 2110 labere

312 2149 420 2208 debeat
439 2151 472 2208 ct
493 2149 620 2209 morbos
640 2148 883 2226 pauperiemque
904 2148 987 2224 pati:

270 2246 381 2322 parliri
401 2245 501 2323 possit
521 2247 644 2306 luctum
664 2246 801 2323 lugentis
821 2247 934 2306 amici:

311 2344 350 2404 ad
371 2343 517 2404 lacrimas
538 2344 696 2404 lacrimet:
724 2365 797 2404 cum
818 2344 916 2422 gemit
937 2344 998 2415 ille,
1021 2347 1134 2420 gemel.

271 2443 371 2502 rluxee
391 2442 560 2503 hominum
579 2444 682 2504 vires:
704 2443 844 2519 minime,
868 2463 941 2503 cum
961 2442 1099 2502 maxima
1119 2443 1230 2520 poscis,

313 2541 405 2601 rebus
425 2541 460 2601 in
480 2541 619 2602 adversis
639 2545 687 2602 est
707 2542 844 2602 valitura
860 2541 962 2601 fides:

272 2659 360 2699 arcus
380 2642 413 2700 et
432 2641 469 2700 ul
489 2639 615 2717 fractus,
638 2640 759 2701 socium
780 2640 808 2700 si
828 2641 932 2701 luctus
954 2639 1047 2700 amici

313 2737 441 2814 quaerit,
467 2741 624 2814 speratam
641 2739 721 2799 ferm
743 2741 864 2799 recusat
885 2759 986 2814 opem.

1099 2849 1123 2882 A.
1137 2847 1161 2883 D.
1176 2849 1199 2881 (³.

695 3390 777 3432 xcm

417 3487 505 3563 Dive‚
530 3507 624 3564 quem
645 3487 728 3564 picto
749 3508 936 3549 veneramur
956 3509 1037 3564 arcu,

417 3587 506 3648 mille
527 3587 577 3647 cui
597 3587 718 3664 fulgent
739 3588 829 3662 oculi,
853 3589 981 3648 tucrum

417 3685 505 3746 nulle
525 3706 589 3746 non
610 3689 678 3746 tcto
697 3686 786 3746 volat
806 3707 882 3748 aurs
902 3687 985 3748 caelo

498 3785 621 3846 conscia
640 3784 779 3846 laudum.
